,timestamp,type,order_id,price,volume,direction,trader_id,stock_id,order_level,matched_order_trader_id,match_price,match_volume,match_timestamp
0,2019-04-01 10:10:30.915731,1,285852,93.9,2,1,T_1,2,1,,,,
1,2019-04-01 10:10:30.956012,1,285853,93.5,2,1,T_1,2,2,,,,
2,2019-04-01 10:10:30.999567,1,285854,93.0,2,1,T_1,2,3,,,,
3,2019-04-01 10:10:31.034900,1,285855,92.75,2,1,T_1,2,4,,,,
4,2019-04-01 10:10:31.068969,1,285856,92.5,2,1,T_1,2,5,,,,
5,2019-04-01 10:10:31.104366,1,285857,94.1,2,-1,T_1,2,1,,,,
6,2019-04-01 10:10:31.139627,1,285858,94.5,2,-1,T_1,2,2,,,,
7,2019-04-01 10:10:31.175014,1,285859,95.0,2,-1,T_1,2,3,,,,
8,2019-04-01 10:10:31.210142,1,285860,95.25,2,-1,T_1,2,4,,,,
9,2019-04-01 10:10:31.246035,1,285861,95.5,2,-1,T_1,2,5,,,,
10,2019-04-01 10:10:42.137014,1,285862,93.9,1,1,T_1,2,1,,,,
11,2019-04-01 10:10:42.193971,1,285863,93.5,1,1,T_1,2,2,,,,
12,2019-04-01 10:10:42.245471,1,285864,93.0,1,1,T_1,2,3,,,,
13,2019-04-01 10:10:42.292675,1,285865,92.75,1,1,T_1,2,4,,,,
14,2019-04-01 10:10:42.340717,1,285866,93.9,1,1,T_1,2,1,,,,
15,2019-04-01 10:10:42.388632,1,285867,93.5,1,1,T_1,2,2,,,,
16,2019-04-01 10:10:42.434289,1,285868,93.0,1,1,T_1,2,3,,,,
17,2019-04-01 10:10:42.523165,1,285869,92.75,1,1,T_1,2,4,,,,
18,2019-04-01 10:10:42.572481,1,285870,93.9,1,1,T_1,2,1,,,,
19,2019-04-01 10:10:42.618564,1,285871,93.5,1,1,T_1,2,2,,,,
20,2019-04-01 10:10:42.662747,1,285872,93.0,1,1,T_1,2,3,,,,
21,2019-04-01 10:10:42.708149,1,285873,92.75,1,1,T_1,2,4,,,,
22,2019-04-01 10:10:42.755541,1,285874,94.1,1,-1,T_2,2,1,,,,
23,2019-04-01 10:10:42.801029,1,285875,94.5,1,-1,T_2,2,2,,,,
24,2019-04-01 10:10:42.845476,1,285876,95.0,1,-1,T_2,2,3,,,,
25,2019-04-01 10:10:42.890596,1,285877,95.25,1,-1,T_2,2,4,,,,
26,2019-04-01 10:10:42.939176,1,285878,94.1,1,-1,T_2,2,1,,,,
27,2019-04-01 10:10:42.983841,1,285879,94.5,1,-1,T_2,2,2,,,,
28,2019-04-01 10:10:43.027501,1,285880,95.0,1,-1,T_2,2,3,,,,
29,2019-04-01 10:10:43.072706,1,285881,95.25,1,-1,T_2,2,4,,,,
30,2019-04-01 10:10:43.127397,1,285882,93.9,1,1,T_2,2,1,,,,
31,2019-04-01 10:10:43.177208,1,285883,93.5,1,1,T_2,2,2,,,,
32,2019-04-01 10:10:43.222877,1,285884,93.0,1,1,T_2,2,3,,,,
33,2019-04-01 10:10:43.268976,1,285885,92.75,1,1,T_2,2,4,,,,
34,2019-04-01 10:10:43.314915,1,285886,94.1,1,-1,T_2,2,1,,,,
35,2019-04-01 10:10:43.362182,1,285887,94.5,1,-1,T_2,2,2,,,,
36,2019-04-01 10:10:43.409101,1,285888,95.0,1,-1,T_2,2,3,,,,
37,2019-04-01 10:10:43.457104,1,285889,95.25,1,-1,T_2,2,4,,,,
38,2019-04-01 10:10:43.517818,1,285890,94.1,1,-1,T_3,2,1,,,,
39,2019-04-01 10:10:43.567411,1,285891,94.5,1,-1,T_3,2,2,,,,
40,2019-04-01 10:10:43.620142,1,285892,95.0,1,-1,T_3,2,3,,,,
41,2019-04-01 10:10:43.665416,1,285893,95.25,1,-1,T_3,2,4,,,,
42,2019-04-01 10:10:43.711700,1,285894,93.9,1,1,T_3,2,1,,,,
43,2019-04-01 10:10:43.758684,1,285895,93.5,1,1,T_3,2,2,,,,
44,2019-04-01 10:10:43.804903,1,285896,93.0,1,1,T_3,2,3,,,,
45,2019-04-01 10:10:43.851925,1,285897,92.75,1,1,T_3,2,4,,,,
46,2019-04-01 10:10:43.904845,1,285898,94.1,1,-1,T_3,2,1,,,,
47,2019-04-01 10:10:43.952594,1,285899,94.5,1,-1,T_3,2,2,,,,
48,2019-04-01 10:10:43.998200,1,285900,95.0,1,-1,T_3,2,3,,,,
49,2019-04-01 10:10:44.044592,1,285901,95.25,1,-1,T_3,2,4,,,,
50,2019-04-01 10:10:44.094130,1,285902,93.9,1,1,T_3,2,1,,,,
51,2019-04-01 10:10:44.143316,1,285903,93.5,1,1,T_3,2,2,,,,
52,2019-04-01 10:10:44.192459,1,285904,93.0,1,1,T_3,2,3,,,,
53,2019-04-01 10:10:44.242110,1,285905,92.75,1,1,T_3,2,4,,,,
54,2019-04-01 10:10:50.206048,1,285906,93.9,1,1,T_1,2,1,,,,
55,2019-04-01 10:10:50.260399,1,285907,93.5,1,1,T_1,2,2,,,,
56,2019-04-01 10:10:50.309886,1,285908,93.0,1,1,T_1,2,3,,,,
57,2019-04-01 10:10:50.358733,1,285909,92.75,1,1,T_1,2,4,,,,
58,2019-04-01 10:10:50.450981,1,285910,94.1,1,-1,T_1,2,1,,,,
59,2019-04-01 10:10:50.499305,1,285911,94.5,1,-1,T_1,2,2,,,,
60,2019-04-01 10:10:50.587542,1,285912,95.0,1,-1,T_1,2,3,,,,
61,2019-04-01 10:10:50.636782,1,285913,95.25,1,-1,T_1,2,4,,,,
62,2019-04-01 10:10:50.692404,1,285914,94.1,1,-1,T_1,2,1,,,,
63,2019-04-01 10:10:50.739401,1,285915,94.5,1,-1,T_1,2,2,,,,
64,2019-04-01 10:10:50.785035,1,285916,95.0,1,-1,T_1,2,3,,,,
65,2019-04-01 10:10:50.830527,1,285917,95.25,1,-1,T_1,2,4,,,,
66,2019-04-01 10:10:50.882334,1,285918,94.1,1,-1,T_1,2,1,,,,
67,2019-04-01 10:10:50.933196,1,285919,94.5,1,-1,T_1,2,2,,,,
68,2019-04-01 10:10:50.978951,1,285920,95.0,1,-1,T_1,2,3,,,,
69,2019-04-01 10:10:51.025912,1,285921,95.25,1,-1,T_1,2,4,,,,
70,2019-04-01 10:10:51.076002,1,285922,93.9,1,1,T_1,2,1,,,,
71,2019-04-01 10:10:51.124324,1,285923,93.5,1,1,T_1,2,2,,,,
72,2019-04-01 10:10:51.171969,1,285924,93.0,1,1,T_1,2,3,,,,
73,2019-04-01 10:10:51.219765,1,285925,92.75,1,1,T_1,2,4,,,,
74,2019-04-01 10:10:51.268910,1,285926,93.9,1,1,T_2,2,1,,,,
75,2019-04-01 10:10:51.318129,1,285927,93.5,1,1,T_2,2,2,,,,
76,2019-04-01 10:10:51.376645,1,285928,93.0,1,1,T_2,2,3,,,,
77,2019-04-01 10:10:51.433784,1,285929,92.75,1,1,T_2,2,4,,,,
78,2019-04-01 10:10:51.489154,1,285930,93.9,1,1,T_2,2,1,,,,
79,2019-04-01 10:10:51.539642,1,285931,93.5,1,1,T_2,2,2,,,,
80,2019-04-01 10:10:51.586804,1,285932,93.0,1,1,T_2,2,3,,,,
81,2019-04-01 10:10:51.643512,1,285933,92.75,1,1,T_2,2,4,,,,
82,2019-04-01 10:10:51.705033,1,285934,93.9,1,1,T_2,2,1,,,,
83,2019-04-01 10:10:51.754728,1,285935,93.5,1,1,T_2,2,2,,,,
84,2019-04-01 10:10:51.804470,1,285936,93.0,1,1,T_2,2,3,,,,
85,2019-04-01 10:10:51.854198,1,285937,92.75,1,1,T_2,2,4,,,,
86,2019-04-01 10:10:51.917190,1,285938,93.9,1,1,T_3,2,1,,,,
87,2019-04-01 10:10:51.966924,1,285939,93.5,1,1,T_3,2,2,,,,
88,2019-04-01 10:10:52.016670,1,285940,93.0,1,1,T_3,2,3,,,,
89,2019-04-01 10:10:52.068271,1,285941,92.75,1,1,T_3,2,4,,,,
90,2019-04-01 10:10:52.121168,1,285942,93.9,1,1,T_3,2,1,,,,
91,2019-04-01 10:10:52.181849,1,285943,93.5,1,1,T_3,2,2,,,,
92,2019-04-01 10:10:52.236035,1,285944,93.0,1,1,T_3,2,3,,,,
93,2019-04-01 10:10:52.292220,1,285945,92.75,1,1,T_3,2,4,,,,
94,2019-04-01 10:10:52.353673,1,285946,93.9,1,1,T_3,2,1,,,,
95,2019-04-01 10:10:52.410817,1,285947,93.5,1,1,T_3,2,2,,,,
96,2019-04-01 10:10:52.470049,1,285948,93.0,1,1,T_3,2,3,,,,
97,2019-04-01 10:10:52.525728,1,285949,92.75,1,1,T_3,2,4,,,,
98,2019-04-01 10:11:09.495267,1,285950,94.1,1,-1,T_1,2,1,,,,
99,2019-04-01 10:11:09.554772,1,285951,94.5,1,-1,T_1,2,2,,,,
100,2019-04-01 10:11:09.617713,1,285952,95.0,1,-1,T_1,2,3,,,,
101,2019-04-01 10:11:09.670748,1,285953,95.25,1,-1,T_1,2,4,,,,
102,2019-04-01 10:11:09.724369,1,285954,94.1,1,-1,T_1,2,1,,,,
103,2019-04-01 10:11:09.775898,1,285955,94.5,1,-1,T_1,2,2,,,,
104,2019-04-01 10:11:09.826230,1,285956,95.0,1,-1,T_1,2,3,,,,
105,2019-04-01 10:11:09.885774,1,285957,95.25,1,-1,T_1,2,4,,,,
106,2019-04-01 10:11:09.942304,1,285958,93.9,1,1,T_1,2,1,,,,
107,2019-04-01 10:11:10.010485,1,285959,93.5,1,1,T_1,2,2,,,,
108,2019-04-01 10:11:10.067516,1,285960,93.0,1,1,T_1,2,3,,,,
109,2019-04-01 10:11:10.127192,1,285961,92.75,1,1,T_1,2,4,,,,
110,2019-04-01 10:11:10.184490,1,285962,93.9,1,1,T_1,2,1,,,,
111,2019-04-01 10:11:10.232793,1,285963,93.5,1,1,T_1,2,2,,,,
112,2019-04-01 10:11:10.288624,1,285964,93.0,1,1,T_1,2,3,,,,
113,2019-04-01 10:11:10.340589,1,285965,92.75,1,1,T_1,2,4,,,,
114,2019-04-01 10:11:10.395225,1,285966,94.1,1,-1,T_2,2,1,,,,
115,2019-04-01 10:11:10.446576,1,285967,94.5,1,-1,T_2,2,2,,,,
116,2019-04-01 10:11:10.499104,1,285968,95.0,1,-1,T_2,2,3,,,,
117,2019-04-01 10:11:10.552585,1,285969,95.25,1,-1,T_2,2,4,,,,
118,2019-04-01 10:11:10.605108,1,285970,94.1,1,-1,T_2,2,1,,,,
119,2019-04-01 10:11:10.654595,1,285971,94.5,1,-1,T_2,2,2,,,,
120,2019-04-01 10:11:10.705408,1,285972,95.0,1,-1,T_2,2,3,,,,
121,2019-04-01 10:11:10.756697,1,285973,95.25,1,-1,T_2,2,4,,,,
122,2019-04-01 10:11:10.811093,1,285974,93.9,1,1,T_2,2,1,,,,
123,2019-04-01 10:11:10.862937,1,285975,93.5,1,1,T_2,2,2,,,,
124,2019-04-01 10:11:10.910462,1,285976,93.0,1,1,T_2,2,3,,,,
125,2019-04-01 10:11:10.960828,1,285977,92.75,1,1,T_2,2,4,,,,
126,2019-04-01 10:11:11.012659,1,285978,93.9,1,1,T_2,2,1,,,,
127,2019-04-01 10:11:11.064711,1,285979,93.5,1,1,T_2,2,2,,,,
128,2019-04-01 10:11:11.117805,1,285980,93.0,1,1,T_2,2,3,,,,
129,2019-04-01 10:11:11.165983,1,285981,92.75,1,1,T_2,2,4,,,,
130,2019-04-01 10:11:11.221421,1,285982,94.1,1,-1,T_3,2,1,,,,
131,2019-04-01 10:11:11.273006,1,285983,94.5,1,-1,T_3,2,2,,,,
132,2019-04-01 10:11:11.323389,1,285984,95.0,1,-1,T_3,2,3,,,,
133,2019-04-01 10:11:11.375554,1,285985,95.25,1,-1,T_3,2,4,,,,
134,2019-04-01 10:11:11.429840,1,285986,94.1,1,-1,T_3,2,1,,,,
135,2019-04-01 10:11:11.480072,1,285987,94.5,1,-1,T_3,2,2,,,,
136,2019-04-01 10:11:11.530665,1,285988,95.0,1,-1,T_3,2,3,,,,
137,2019-04-01 10:11:11.582942,1,285989,95.25,1,-1,T_3,2,4,,,,
138,2019-04-01 10:11:11.636631,1,285990,93.9,1,1,T_3,2,1,,,,
139,2019-04-01 10:11:11.688832,1,285991,93.5,1,1,T_3,2,2,,,,
140,2019-04-01 10:11:11.738600,1,285992,93.0,1,1,T_3,2,3,,,,
141,2019-04-01 10:11:11.790006,1,285993,92.75,1,1,T_3,2,4,,,,
142,2019-04-01 10:11:11.845587,1,285994,94.1,1,-1,T_3,2,1,,,,
143,2019-04-01 10:11:11.894286,1,285995,94.5,1,-1,T_3,2,2,,,,
144,2019-04-01 10:11:11.940733,1,285996,95.0,1,-1,T_3,2,3,,,,
145,2019-04-01 10:11:11.989482,1,285997,95.25,1,-1,T_3,2,4,,,,
146,2019-04-01 10:11:12.042646,1,285998,94.1,1,-1,T_3,2,1,,,,
147,2019-04-01 10:11:12.091283,1,285999,94.5,1,-1,T_3,2,2,,,,
148,2019-04-01 10:11:12.141207,1,286000,95.0,1,-1,T_3,2,3,,,,
149,2019-04-01 10:11:12.192718,1,286001,95.25,1,-1,T_3,2,4,,,,
150,2019-04-01 10:11:19.437687,1,286002,93.9,1,1,T_1,2,1,,,,
151,2019-04-01 10:11:19.495901,1,286003,93.5,1,1,T_1,2,2,,,,
152,2019-04-01 10:11:19.549930,1,286004,93.0,1,1,T_1,2,3,,,,
153,2019-04-01 10:11:19.601403,1,286005,92.75,1,1,T_1,2,4,,,,
154,2019-04-01 10:11:19.666759,1,286006,94.1,1,-1,T_1,2,1,,,,
155,2019-04-01 10:11:19.715252,1,286007,94.5,1,-1,T_1,2,2,,,,
156,2019-04-01 10:11:19.768384,1,286008,95.0,1,-1,T_1,2,3,,,,
157,2019-04-01 10:11:19.820968,1,286009,95.25,1,-1,T_1,2,4,,,,
158,2019-04-01 10:11:19.877591,1,286010,94.1,1,-1,T_1,2,1,,,,
159,2019-04-01 10:11:19.931045,1,286011,94.5,1,-1,T_1,2,2,,,,
160,2019-04-01 10:11:19.983076,1,286012,95.0,1,-1,T_1,2,3,,,,
161,2019-04-01 10:11:20.033350,1,286013,95.25,1,-1,T_1,2,4,,,,
162,2019-04-01 10:11:20.092372,1,286014,93.9,1,1,T_1,2,1,,,,
163,2019-04-01 10:11:20.144234,1,286015,93.5,1,1,T_1,2,2,,,,
164,2019-04-01 10:11:20.197971,1,286016,93.0,1,1,T_1,2,3,,,,
165,2019-04-01 10:11:20.250579,1,286017,92.75,1,1,T_1,2,4,,,,
166,2019-04-01 10:11:20.311050,1,286018,93.9,1,1,T_2,2,1,,,,
167,2019-04-01 10:11:20.369917,1,286019,93.5,1,1,T_2,2,2,,,,
168,2019-04-01 10:11:20.426726,1,286020,93.0,1,1,T_2,2,3,,,,
169,2019-04-01 10:11:20.483428,1,286021,92.75,1,1,T_2,2,4,,,,
170,2019-04-01 10:11:20.556350,1,286022,94.1,1,-1,T_2,2,1,,,,
171,2019-04-01 10:11:20.609713,1,286023,94.5,1,-1,T_2,2,2,,,,
172,2019-04-01 10:11:20.660104,1,286024,95.0,1,-1,T_2,2,3,,,,
173,2019-04-01 10:11:20.712623,1,286025,95.25,1,-1,T_2,2,4,,,,
174,2019-04-01 10:11:20.772541,1,286026,93.9,1,1,T_2,2,1,,,,
175,2019-04-01 10:11:20.822663,1,286027,93.5,1,1,T_2,2,2,,,,
176,2019-04-01 10:11:20.873763,1,286028,93.0,1,1,T_2,2,3,,,,
177,2019-04-01 10:11:20.925835,1,286029,92.75,1,1,T_2,2,4,,,,
178,2019-04-01 10:11:20.980917,1,286030,93.9,1,1,T_2,2,1,,,,
179,2019-04-01 10:11:21.031322,1,286031,93.5,1,1,T_2,2,2,,,,
180,2019-04-01 10:11:21.082131,1,286032,93.0,1,1,T_2,2,3,,,,
181,2019-04-01 10:11:21.133049,1,286033,92.75,1,1,T_2,2,4,,,,
182,2019-04-01 10:11:21.189195,1,286034,93.9,1,1,T_2,2,1,,,,
183,2019-04-01 10:11:21.239432,1,286035,93.5,1,1,T_2,2,2,,,,
184,2019-04-01 10:11:21.292064,1,286036,93.0,1,1,T_2,2,3,,,,
185,2019-04-01 10:11:21.344725,1,286037,92.75,1,1,T_2,2,4,,,,
186,2019-04-01 10:11:21.405217,1,286038,94.1,1,-1,T_3,2,1,,,,
187,2019-04-01 10:11:21.455278,1,286039,94.5,1,-1,T_3,2,2,,,,
188,2019-04-01 10:11:21.511312,1,286040,95.0,1,-1,T_3,2,3,,,,
189,2019-04-01 10:11:21.560905,1,286041,95.25,1,-1,T_3,2,4,,,,
190,2019-04-01 10:11:21.620866,1,286042,93.9,1,1,T_3,2,1,,,,
191,2019-04-01 10:11:21.674103,1,286043,93.5,1,1,T_3,2,2,,,,
192,2019-04-01 10:11:21.726320,1,286044,93.0,1,1,T_3,2,3,,,,
193,2019-04-01 10:11:21.777883,1,286045,92.75,1,1,T_3,2,4,,,,
194,2019-04-01 10:11:21.843222,1,286046,94.1,1,-1,T_3,2,1,,,,
195,2019-04-01 10:11:21.895567,1,286047,94.5,1,-1,T_3,2,2,,,,
196,2019-04-01 10:11:21.953874,1,286048,95.0,1,-1,T_3,2,3,,,,
197,2019-04-01 10:11:22.010684,1,286049,95.25,1,-1,T_3,2,4,,,,
198,2019-04-01 10:11:22.075070,1,286050,93.9,1,1,T_3,2,1,,,,
199,2019-04-01 10:11:22.125417,1,286051,93.5,1,1,T_3,2,2,,,,
200,2019-04-01 10:11:22.175771,1,286052,93.0,1,1,T_3,2,3,,,,
201,2019-04-01 10:11:22.228714,1,286053,92.75,1,1,T_3,2,4,,,,
202,2019-04-01 10:11:42.714794,1,286054,94.1,1,-1,T_1,2,1,,,,
203,2019-04-01 10:11:42.794245,1,286055,94.5,1,-1,T_1,2,2,,,,
204,2019-04-01 10:11:42.866910,1,286056,95.0,1,-1,T_1,2,3,,,,
205,2019-04-01 10:11:42.935973,1,286057,95.25,1,-1,T_1,2,4,,,,
206,2019-04-01 10:11:43.015929,1,286058,94.1,1,-1,T_1,2,1,,,,
207,2019-04-01 10:11:43.128238,1,286059,94.5,1,-1,T_1,2,2,,,,
208,2019-04-01 10:11:43.192124,1,286060,95.0,1,-1,T_1,2,3,,,,
209,2019-04-01 10:11:43.256303,1,286061,95.25,1,-1,T_1,2,4,,,,
210,2019-04-01 10:11:43.336259,1,286062,94.1,1,-1,T_1,2,1,,,,
211,2019-04-01 10:11:43.420660,1,286063,94.5,1,-1,T_1,2,2,,,,
212,2019-04-01 10:11:43.489494,1,286064,95.0,1,-1,T_1,2,3,,,,
213,2019-04-01 10:11:43.552452,1,286065,95.25,1,-1,T_1,2,4,,,,
214,2019-04-01 10:11:43.628564,1,286066,93.9,1,1,T_1,2,1,,,,
215,2019-04-01 10:11:43.687446,1,286067,93.5,1,1,T_1,2,2,,,,
216,2019-04-01 10:11:43.753054,1,286068,93.0,1,1,T_1,2,3,,,,
217,2019-04-01 10:11:43.819036,1,286069,92.75,1,1,T_1,2,4,,,,
218,2019-04-01 10:11:43.889666,1,286070,93.9,1,1,T_1,2,1,,,,
219,2019-04-01 10:11:43.955742,1,286071,93.5,1,1,T_1,2,2,,,,
220,2019-04-01 10:11:44.022044,1,286072,93.0,1,1,T_1,2,3,,,,
221,2019-04-01 10:11:44.088997,1,286073,92.75,1,1,T_1,2,4,,,,
222,2019-04-01 10:11:44.162534,1,286074,93.9,1,1,T_2,2,1,,,,
223,2019-04-01 10:11:44.225177,1,286075,93.5,1,1,T_2,2,2,,,,
224,2019-04-01 10:11:44.297037,1,286076,93.0,1,1,T_2,2,3,,,,
225,2019-04-01 10:11:44.366081,1,286077,92.75,1,1,T_2,2,4,,,,
226,2019-04-01 10:11:44.442291,1,286078,93.9,1,1,T_2,2,1,,,,
227,2019-04-01 10:11:44.513717,1,286079,93.5,1,1,T_2,2,2,,,,
228,2019-04-01 10:11:44.571256,1,286080,93.0,1,1,T_2,2,3,,,,
229,2019-04-01 10:11:44.632507,1,286081,92.75,1,1,T_2,2,4,,,,
230,2019-04-01 10:11:44.693666,1,286082,93.9,1,1,T_2,2,1,,,,
231,2019-04-01 10:11:44.747586,1,286083,93.5,1,1,T_2,2,2,,,,
232,2019-04-01 10:11:44.841885,1,286084,93.0,1,1,T_2,2,3,,,,
233,2019-04-01 10:11:44.891674,1,286085,92.75,1,1,T_2,2,4,,,,
234,2019-04-01 10:11:44.951373,1,286086,93.9,1,1,T_2,2,1,,,,
235,2019-04-01 10:11:45.004858,1,286087,93.5,1,1,T_2,2,2,,,,
236,2019-04-01 10:11:45.056692,1,286088,93.0,1,1,T_2,2,3,,,,
237,2019-04-01 10:11:45.111241,1,286089,92.75,1,1,T_2,2,4,,,,
238,2019-04-01 10:11:45.166536,1,286090,93.9,1,1,T_2,2,1,,,,
239,2019-04-01 10:11:45.214997,1,286091,93.5,1,1,T_2,2,2,,,,
240,2019-04-01 10:11:45.267082,1,286092,93.0,1,1,T_2,2,3,,,,
241,2019-04-01 10:11:45.317329,1,286093,92.75,1,1,T_2,2,4,,,,
242,2019-04-01 10:11:45.375487,1,286094,94.1,1,-1,T_3,2,1,,,,
243,2019-04-01 10:11:45.428807,1,286095,94.5,1,-1,T_3,2,2,,,,
244,2019-04-01 10:11:45.481783,1,286096,95.0,1,-1,T_3,2,3,,,,
245,2019-04-01 10:11:45.576187,1,286097,95.25,1,-1,T_3,2,4,,,,
246,2019-04-01 10:11:45.632333,1,286098,93.9,1,1,T_3,2,1,,,,
247,2019-04-01 10:11:45.681764,1,286099,93.5,1,1,T_3,2,2,,,,
248,2019-04-01 10:11:45.734765,1,286100,93.0,1,1,T_3,2,3,,,,
249,2019-04-01 10:11:45.785705,1,286101,92.75,1,1,T_3,2,4,,,,
250,2019-04-01 10:11:45.841475,1,286102,93.9,1,1,T_3,2,1,,,,
251,2019-04-01 10:11:45.892666,1,286103,93.5,1,1,T_3,2,2,,,,
252,2019-04-01 10:11:45.944193,1,286104,93.0,1,1,T_3,2,3,,,,
253,2019-04-01 10:11:45.996302,1,286105,92.75,1,1,T_3,2,4,,,,
254,2019-04-01 10:11:46.055978,1,286106,93.9,1,1,T_3,2,1,,,,
255,2019-04-01 10:11:46.109206,1,286107,93.5,1,1,T_3,2,2,,,,
256,2019-04-01 10:11:46.162665,1,286108,93.0,1,1,T_3,2,3,,,,
257,2019-04-01 10:11:46.211754,1,286109,92.75,1,1,T_3,2,4,,,,
258,2019-04-01 10:11:46.271567,1,286110,94.1,1,-1,T_3,2,1,,,,
259,2019-04-01 10:11:46.326502,1,286111,94.5,1,-1,T_3,2,2,,,,
260,2019-04-01 10:11:46.378735,1,286112,95.0,1,-1,T_3,2,3,,,,
261,2019-04-01 10:11:46.429310,1,286113,95.25,1,-1,T_3,2,4,,,,
262,2019-04-01 10:11:50.642748,1,286114,94.1,1,-1,T_1,2,1,,,,
263,2019-04-01 10:11:50.708153,1,286115,94.5,1,-1,T_1,2,2,,,,
264,2019-04-01 10:11:50.762256,1,286116,95.0,1,-1,T_1,2,3,,,,
265,2019-04-01 10:11:50.812867,1,286117,95.25,1,-1,T_1,2,4,,,,
266,2019-04-01 10:11:50.874907,1,286118,93.9,1,1,T_1,2,1,,,,
267,2019-04-01 10:11:50.926958,1,286119,93.5,1,1,T_1,2,2,,,,
268,2019-04-01 10:11:51.027037,1,286120,93.0,1,1,T_1,2,3,,,,
269,2019-04-01 10:11:51.087611,1,286121,92.75,1,1,T_1,2,4,,,,
270,2019-04-01 10:11:51.147665,1,286122,93.9,1,1,T_1,2,1,,,,
271,2019-04-01 10:11:51.197916,1,286123,93.5,1,1,T_1,2,2,,,,
272,2019-04-01 10:11:51.252518,1,286124,93.0,1,1,T_1,2,3,,,,
273,2019-04-01 10:11:51.305347,1,286125,92.75,1,1,T_1,2,4,,,,
274,2019-04-01 10:11:51.370161,1,286126,93.9,1,1,T_1,2,1,,,,
275,2019-04-01 10:11:51.422205,1,286127,93.5,1,1,T_1,2,2,,,,
276,2019-04-01 10:11:51.475057,1,286128,93.0,1,1,T_1,2,3,,,,
277,2019-04-01 10:11:51.527117,1,286129,92.75,1,1,T_1,2,4,,,,
278,2019-04-01 10:11:51.587569,1,286130,93.9,1,1,T_1,2,1,,,,
279,2019-04-01 10:11:51.640734,1,286131,93.5,1,1,T_1,2,2,,,,
280,2019-04-01 10:11:51.692790,1,286132,93.0,1,1,T_1,2,3,,,,
281,2019-04-01 10:11:51.743982,1,286133,92.75,1,1,T_1,2,4,,,,
282,2019-04-01 10:11:51.803090,1,286134,94.1,1,-1,T_2,2,1,,,,
283,2019-04-01 10:11:51.857277,1,286135,94.5,1,-1,T_2,2,2,,,,
284,2019-04-01 10:11:51.914126,1,286136,95.0,1,-1,T_2,2,3,,,,
285,2019-04-01 10:11:51.975856,1,286137,95.25,1,-1,T_2,2,4,,,,
286,2019-04-01 10:11:52.036883,1,286138,93.9,1,1,T_2,2,1,,,,
287,2019-04-01 10:11:52.092308,1,286139,93.5,1,1,T_2,2,2,,,,
288,2019-04-01 10:11:52.146524,1,286140,93.0,1,1,T_2,2,3,,,,
289,2019-04-01 10:11:52.200626,1,286141,92.75,1,1,T_2,2,4,,,,
290,2019-04-01 10:11:52.259974,1,286142,93.9,1,1,T_2,2,1,,,,
291,2019-04-01 10:11:52.312395,1,286143,93.5,1,1,T_2,2,2,,,,
292,2019-04-01 10:11:52.371380,1,286144,93.0,1,1,T_2,2,3,,,,
293,2019-04-01 10:11:52.426766,1,286145,92.75,1,1,T_2,2,4,,,,
294,2019-04-01 10:11:52.488511,1,286146,93.9,1,1,T_2,2,1,,,,
295,2019-04-01 10:11:52.540842,1,286147,93.5,1,1,T_2,2,2,,,,
296,2019-04-01 10:11:52.597134,1,286148,93.0,1,1,T_2,2,3,,,,
297,2019-04-01 10:11:52.649776,1,286149,92.75,1,1,T_2,2,4,,,,
298,2019-04-01 10:11:52.712942,1,286150,94.1,1,-1,T_2,2,1,,,,
299,2019-04-01 10:11:52.766088,1,286151,94.5,1,-1,T_2,2,2,,,,
300,2019-04-01 10:11:52.819886,1,286152,95.0,1,-1,T_2,2,3,,,,
301,2019-04-01 10:11:52.876221,1,286153,95.25,1,-1,T_2,2,4,,,,
302,2019-04-01 10:11:52.948478,1,286154,93.9,1,1,T_3,2,1,,,,
303,2019-04-01 10:11:53.003359,1,286155,93.5,1,1,T_3,2,2,,,,
304,2019-04-01 10:11:53.057803,1,286156,93.0,1,1,T_3,2,3,,,,
305,2019-04-01 10:11:53.115119,1,286157,92.75,1,1,T_3,2,4,,,,
306,2019-04-01 10:11:53.175765,1,286158,93.9,1,1,T_3,2,1,,,,
307,2019-04-01 10:11:53.230523,1,286159,93.5,1,1,T_3,2,2,,,,
308,2019-04-01 10:11:53.284806,1,286160,93.0,1,1,T_3,2,3,,,,
309,2019-04-01 10:11:53.339915,1,286161,92.75,1,1,T_3,2,4,,,,
310,2019-04-01 10:11:53.404899,1,286162,94.1,1,-1,T_3,2,1,,,,
311,2019-04-01 10:11:53.459271,1,286163,94.5,1,-1,T_3,2,2,,,,
312,2019-04-01 10:11:53.514026,1,286164,95.0,1,-1,T_3,2,3,,,,
313,2019-04-01 10:11:53.567595,1,286165,95.25,1,-1,T_3,2,4,,,,
314,2019-04-01 10:11:55.350814,1,286166,94.1,1,-1,T_1,2,1,,,,
315,2019-04-01 10:11:55.423826,1,286167,94.5,1,-1,T_1,2,2,,,,
316,2019-04-01 10:11:55.481463,1,286168,95.0,1,-1,T_1,2,3,,,,
317,2019-04-01 10:11:55.579288,1,286169,95.25,1,-1,T_1,2,4,,,,
318,2019-04-01 10:11:55.676730,1,286170,94.1,1,-1,T_1,2,1,,,,
319,2019-04-01 10:11:55.741618,1,286171,94.5,1,-1,T_1,2,2,,,,
320,2019-04-01 10:11:55.799335,1,286172,95.0,1,-1,T_1,2,3,,,,
321,2019-04-01 10:11:55.855051,1,286173,95.25,1,-1,T_1,2,4,,,,
322,2019-04-01 10:11:55.917691,1,286174,93.9,1,1,T_1,2,1,,,,
323,2019-04-01 10:11:55.972912,1,286175,93.5,1,1,T_1,2,2,,,,
324,2019-04-01 10:11:56.027603,1,286176,93.0,1,1,T_1,2,3,,,,
325,2019-04-01 10:11:56.086243,1,286177,92.75,1,1,T_1,2,4,,,,
326,2019-04-01 10:11:56.161584,1,286178,94.1,1,-1,T_2,2,1,,,,
327,2019-04-01 10:11:56.216505,1,286179,94.5,1,-1,T_2,2,2,,,,
328,2019-04-01 10:11:56.268881,1,286180,95.0,1,-1,T_2,2,3,,,,
329,2019-04-01 10:11:56.322602,1,286181,95.25,1,-1,T_2,2,4,,,,
330,2019-04-01 10:11:56.385148,1,286182,94.1,1,-1,T_2,2,1,,,,
331,2019-04-01 10:11:56.441547,1,286183,94.5,1,-1,T_2,2,2,,,,
332,2019-04-01 10:11:56.495631,1,286184,95.0,1,-1,T_2,2,3,,,,
333,2019-04-01 10:11:56.549938,1,286185,95.25,1,-1,T_2,2,4,,,,
334,2019-04-01 10:11:56.616669,1,286186,93.9,1,1,T_2,2,1,,,,
335,2019-04-01 10:11:56.671163,1,286187,93.5,1,1,T_2,2,2,,,,
336,2019-04-01 10:11:56.727459,1,286188,93.0,1,1,T_2,2,3,,,,
337,2019-04-01 10:11:56.782689,1,286189,92.75,1,1,T_2,2,4,,,,
338,2019-04-01 10:11:56.844260,1,286190,93.9,1,1,T_2,2,1,,,,
339,2019-04-01 10:11:56.901201,1,286191,93.5,1,1,T_2,2,2,,,,
340,2019-04-01 10:11:56.957888,1,286192,93.0,1,1,T_2,2,3,,,,
341,2019-04-01 10:11:57.011499,1,286193,92.75,1,1,T_2,2,4,,,,
342,2019-04-01 10:11:57.075360,1,286194,94.1,1,-1,T_3,2,1,,,,
343,2019-04-01 10:11:57.133900,1,286195,94.5,1,-1,T_3,2,2,,,,
344,2019-04-01 10:11:57.199497,1,286196,95.0,1,-1,T_3,2,3,,,,
345,2019-04-01 10:11:57.260152,1,286197,95.25,1,-1,T_3,2,4,,,,
346,2019-04-01 10:11:57.335034,1,286198,94.1,1,-1,T_3,2,1,,,,
347,2019-04-01 10:11:57.398105,1,286199,94.5,1,-1,T_3,2,2,,,,
348,2019-04-01 10:11:57.456815,1,286200,95.0,1,-1,T_3,2,3,,,,
349,2019-04-01 10:11:57.516092,1,286201,95.25,1,-1,T_3,2,4,,,,
350,2019-04-01 10:11:57.583932,1,286202,93.9,1,1,T_3,2,1,,,,
351,2019-04-01 10:11:57.642774,1,286203,93.5,1,1,T_3,2,2,,,,
352,2019-04-01 10:11:57.713322,1,286204,93.0,1,1,T_3,2,3,,,,
353,2019-04-01 10:11:57.807220,1,286205,92.75,1,1,T_3,2,4,,,,
354,2019-04-01 10:11:57.967263,1,286206,94.1,1,-1,T_3,2,1,,,,
355,2019-04-01 10:11:58.040675,1,286207,94.5,1,-1,T_3,2,2,,,,
356,2019-04-01 10:11:58.109051,1,286208,95.0,1,-1,T_3,2,3,,,,
357,2019-04-01 10:11:58.174115,1,286209,95.25,1,-1,T_3,2,4,,,,
358,2019-04-01 10:11:58.240599,1,286210,93.9,1,1,T_3,2,1,,,,
359,2019-04-01 10:11:58.296715,1,286211,93.5,1,1,T_3,2,2,,,,
360,2019-04-01 10:11:58.355764,1,286212,93.0,1,1,T_3,2,3,,,,
361,2019-04-01 10:11:58.414297,1,286213,92.75,1,1,T_3,2,4,,,,
362,2019-04-01 10:12:12.001828,1,286214,94.1,1,-1,T_1,2,1,,,,
363,2019-04-01 10:12:12.072400,1,286215,94.5,1,-1,T_1,2,2,,,,
364,2019-04-01 10:12:12.130899,1,286216,95.0,1,-1,T_1,2,3,,,,
365,2019-04-01 10:12:12.188016,1,286217,95.25,1,-1,T_1,2,4,,,,
366,2019-04-01 10:12:12.258862,1,286218,93.9,1,1,T_1,2,1,,,,
367,2019-04-01 10:12:12.319238,1,286219,93.5,1,1,T_1,2,2,,,,
368,2019-04-01 10:12:12.381610,1,286220,93.0,1,1,T_1,2,3,,,,
369,2019-04-01 10:12:12.440927,1,286221,92.75,1,1,T_1,2,4,,,,
370,2019-04-01 10:12:12.518257,1,286222,94.1,1,-1,T_1,2,1,,,,
371,2019-04-01 10:12:12.575434,1,286223,94.5,1,-1,T_1,2,2,,,,
372,2019-04-01 10:12:12.634409,1,286224,95.0,1,-1,T_1,2,3,,,,
373,2019-04-01 10:12:12.693243,1,286225,95.25,1,-1,T_1,2,4,,,,
374,2019-04-01 10:12:12.764108,1,286226,94.1,1,-1,T_1,2,1,,,,
375,2019-04-01 10:12:12.820240,1,286227,94.5,1,-1,T_1,2,2,,,,
376,2019-04-01 10:12:12.877002,1,286228,95.0,1,-1,T_1,2,3,,,,
377,2019-04-01 10:12:12.942329,1,286229,95.25,1,-1,T_1,2,4,,,,
378,2019-04-01 10:12:13.017177,1,286230,93.9,1,1,T_2,2,1,,,,
379,2019-04-01 10:12:13.077115,1,286231,93.5,1,1,T_2,2,2,,,,
380,2019-04-01 10:12:13.135644,1,286232,93.0,1,1,T_2,2,3,,,,
381,2019-04-01 10:12:13.195734,1,286233,92.75,1,1,T_2,2,4,,,,
382,2019-04-01 10:12:13.274352,1,286234,94.1,1,-1,T_2,2,1,,,,
383,2019-04-01 10:12:13.335100,1,286235,94.5,1,-1,T_2,2,2,,,,
384,2019-04-01 10:12:13.389874,1,286236,95.0,1,-1,T_2,2,3,,,,
385,2019-04-01 10:12:13.449026,1,286237,95.25,1,-1,T_2,2,4,,,,
386,2019-04-01 10:12:13.539237,1,286238,94.1,1,-1,T_3,2,1,,,,
387,2019-04-01 10:12:13.598820,1,286239,94.5,1,-1,T_3,2,2,,,,
388,2019-04-01 10:12:13.656938,1,286240,95.0,1,-1,T_3,2,3,,,,
389,2019-04-01 10:12:13.717223,1,286241,95.25,1,-1,T_3,2,4,,,,
390,2019-04-01 10:12:13.786056,1,286242,94.1,1,-1,T_3,2,1,,,,
391,2019-04-01 10:12:13.844150,1,286243,94.5,1,-1,T_3,2,2,,,,
392,2019-04-01 10:12:13.901158,1,286244,95.0,1,-1,T_3,2,3,,,,
393,2019-04-01 10:12:13.957850,1,286245,95.25,1,-1,T_3,2,4,,,,
394,2019-04-01 10:12:14.025254,1,286246,93.9,1,1,T_3,2,1,,,,
395,2019-04-01 10:12:14.083910,1,286247,93.5,1,1,T_3,2,2,,,,
396,2019-04-01 10:12:14.140757,1,286248,93.0,1,1,T_3,2,3,,,,
397,2019-04-01 10:12:14.199999,1,286249,92.75,1,1,T_3,2,4,,,,
398,2019-04-01 10:12:14.269697,1,286250,94.1,1,-1,T_3,2,1,,,,
399,2019-04-01 10:12:14.330122,1,286251,94.5,1,-1,T_3,2,2,,,,
400,2019-04-01 10:12:14.388224,1,286252,95.0,1,-1,T_3,2,3,,,,
401,2019-04-01 10:12:14.448268,1,286253,95.25,1,-1,T_3,2,4,,,,
402,2019-04-01 10:12:14.518615,1,286254,93.9,1,1,T_3,2,1,,,,
403,2019-04-01 10:12:14.579146,1,286255,93.5,1,1,T_3,2,2,,,,
404,2019-04-01 10:12:14.638746,1,286256,93.0,1,1,T_3,2,3,,,,
405,2019-04-01 10:12:14.702023,1,286257,92.75,1,1,T_3,2,4,,,,
406,2019-04-01 10:12:30.649030,1,286258,93.9,1,1,T_1,2,1,,,,
407,2019-04-01 10:12:30.717790,1,286259,93.5,1,1,T_1,2,2,,,,
408,2019-04-01 10:12:30.778843,1,286260,93.0,1,1,T_1,2,3,,,,
409,2019-04-01 10:12:30.841048,1,286261,92.75,1,1,T_1,2,4,,,,
410,2019-04-01 10:12:30.915434,1,286262,93.9,1,1,T_1,2,1,,,,
411,2019-04-01 10:12:31.025371,1,286263,93.5,1,1,T_1,2,2,,,,
412,2019-04-01 10:12:31.089552,1,286264,93.0,1,1,T_1,2,3,,,,
413,2019-04-01 10:12:31.149039,1,286265,92.75,1,1,T_1,2,4,,,,
414,2019-04-01 10:12:31.217274,1,286266,94.1,1,-1,T_1,2,1,,,,
415,2019-04-01 10:12:31.276295,1,286267,94.5,1,-1,T_1,2,2,,,,
416,2019-04-01 10:12:31.335849,1,286268,95.0,1,-1,T_1,2,3,,,,
417,2019-04-01 10:12:31.396080,1,286269,95.25,1,-1,T_1,2,4,,,,
418,2019-04-01 10:12:31.465864,1,286270,94.1,1,-1,T_1,2,1,,,,
419,2019-04-01 10:12:31.524410,1,286271,94.5,1,-1,T_1,2,2,,,,
420,2019-04-01 10:12:31.585101,1,286272,95.0,1,-1,T_1,2,3,,,,
421,2019-04-01 10:12:31.645751,1,286273,95.25,1,-1,T_1,2,4,,,,
422,2019-04-01 10:12:31.714123,1,286274,94.1,1,-1,T_1,2,1,,,,
423,2019-04-01 10:12:31.773996,1,286275,94.5,1,-1,T_1,2,2,,,,
424,2019-04-01 10:12:31.836051,1,286276,95.0,1,-1,T_1,2,3,,,,
425,2019-04-01 10:12:31.903902,1,286277,95.25,1,-1,T_1,2,4,,,,
426,2019-04-01 10:12:31.981651,1,286278,94.1,1,-1,T_2,2,1,,,,
427,2019-04-01 10:12:32.048516,1,286279,94.5,1,-1,T_2,2,2,,,,
428,2019-04-01 10:12:32.114815,1,286280,95.0,1,-1,T_2,2,3,,,,
429,2019-04-01 10:12:32.176858,1,286281,95.25,1,-1,T_2,2,4,,,,
430,2019-04-01 10:12:32.257219,1,286282,94.1,1,-1,T_2,2,1,,,,
431,2019-04-01 10:12:32.318440,1,286283,94.5,1,-1,T_2,2,2,,,,
432,2019-04-01 10:12:32.382809,1,286284,95.0,1,-1,T_2,2,3,,,,
433,2019-04-01 10:12:32.440714,1,286285,95.25,1,-1,T_2,2,4,,,,
434,2019-04-01 10:12:32.520963,1,286286,94.1,1,-1,T_2,2,1,,,,
435,2019-04-01 10:12:32.580361,1,286287,94.5,1,-1,T_2,2,2,,,,
436,2019-04-01 10:12:32.641131,1,286288,95.0,1,-1,T_2,2,3,,,,
437,2019-04-01 10:12:32.702182,1,286289,95.25,1,-1,T_2,2,4,,,,
438,2019-04-01 10:12:32.773393,1,286290,93.9,1,1,T_3,2,1,,,,
439,2019-04-01 10:12:32.833926,1,286291,93.5,1,1,T_3,2,2,,,,
440,2019-04-01 10:12:32.897556,1,286292,93.0,1,1,T_3,2,3,,,,
441,2019-04-01 10:12:32.956465,1,286293,92.75,1,1,T_3,2,4,,,,
442,2019-04-01 10:12:33.029483,1,286294,94.1,1,-1,T_3,2,1,,,,
443,2019-04-01 10:12:33.091966,1,286295,94.5,1,-1,T_3,2,2,,,,
444,2019-04-01 10:12:33.170328,1,286296,95.0,1,-1,T_3,2,3,,,,
445,2019-04-01 10:12:33.243103,1,286297,95.25,1,-1,T_3,2,4,,,,
446,2019-04-01 10:12:33.338011,1,286298,93.9,1,1,T_3,2,1,,,,
447,2019-04-01 10:12:33.405487,1,286299,93.5,1,1,T_3,2,2,,,,
448,2019-04-01 10:12:33.468396,1,286300,93.0,1,1,T_3,2,3,,,,
449,2019-04-01 10:12:33.530358,1,286301,92.75,1,1,T_3,2,4,,,,
450,2019-04-01 10:12:33.604395,1,286302,94.1,1,-1,T_3,2,1,,,,
451,2019-04-01 10:12:33.677578,1,286303,94.5,1,-1,T_3,2,2,,,,
452,2019-04-01 10:12:33.744449,1,286304,95.0,1,-1,T_3,2,3,,,,
453,2019-04-01 10:12:33.806436,1,286305,95.25,1,-1,T_3,2,4,,,,
454,2019-04-01 10:12:39.736387,1,286306,94.1,1,-1,T_1,2,1,,,,
455,2019-04-01 10:12:39.804560,1,286307,94.5,1,-1,T_1,2,2,,,,
456,2019-04-01 10:12:39.868993,1,286308,95.0,1,-1,T_1,2,3,,,,
457,2019-04-01 10:12:39.934200,1,286309,95.25,1,-1,T_1,2,4,,,,
458,2019-04-01 10:12:40.041296,1,286310,93.9,1,1,T_1,2,1,,,,
459,2019-04-01 10:12:40.118506,1,286311,93.5,1,1,T_1,2,2,,,,
460,2019-04-01 10:12:40.187419,1,286312,93.0,1,1,T_1,2,3,,,,
461,2019-04-01 10:12:40.248910,1,286313,92.75,1,1,T_1,2,4,,,,
462,2019-04-01 10:12:40.342352,1,286314,93.9,1,1,T_1,2,1,,,,
463,2019-04-01 10:12:40.430905,1,286315,93.5,1,1,T_1,2,2,,,,
464,2019-04-01 10:12:40.498649,1,286316,93.0,1,1,T_1,2,3,,,,
465,2019-04-01 10:12:40.561601,1,286317,92.75,1,1,T_1,2,4,,,,
466,2019-04-01 10:12:40.633584,1,286318,94.1,1,-1,T_1,2,1,,,,
467,2019-04-01 10:12:40.694956,1,286319,94.5,1,-1,T_1,2,2,,,,
468,2019-04-01 10:12:40.756248,1,286320,95.0,1,-1,T_1,2,3,,,,
469,2019-04-01 10:12:40.818802,1,286321,95.25,1,-1,T_1,2,4,,,,
470,2019-04-01 10:12:40.890942,1,286322,93.9,1,1,T_2,2,1,,,,
471,2019-04-01 10:12:40.957816,1,286323,93.5,1,1,T_2,2,2,,,,
472,2019-04-01 10:12:41.018592,1,286324,93.0,1,1,T_2,2,3,,,,
473,2019-04-01 10:12:41.081193,1,286325,92.75,1,1,T_2,2,4,,,,
474,2019-04-01 10:12:41.154675,1,286326,94.1,1,-1,T_2,2,1,,,,
475,2019-04-01 10:12:41.217978,1,286327,94.5,1,-1,T_2,2,2,,,,
476,2019-04-01 10:12:41.280999,1,286328,95.0,1,-1,T_2,2,3,,,,
477,2019-04-01 10:12:41.343679,1,286329,95.25,1,-1,T_2,2,4,,,,
478,2019-04-01 10:12:41.421077,1,286330,93.9,1,1,T_2,2,1,,,,
479,2019-04-01 10:12:41.486419,1,286331,93.5,1,1,T_2,2,2,,,,
480,2019-04-01 10:12:41.549845,1,286332,93.0,1,1,T_2,2,3,,,,
481,2019-04-01 10:12:41.613381,1,286333,92.75,1,1,T_2,2,4,,,,
482,2019-04-01 10:12:41.687811,1,286334,94.1,1,-1,T_2,2,1,,,,
483,2019-04-01 10:12:41.748305,1,286335,94.5,1,-1,T_2,2,2,,,,
484,2019-04-01 10:12:41.809649,1,286336,95.0,1,-1,T_2,2,3,,,,
485,2019-04-01 10:12:41.871623,1,286337,95.25,1,-1,T_2,2,4,,,,
486,2019-04-01 10:12:41.958297,1,286338,93.9,1,1,T_3,2,1,,,,
487,2019-04-01 10:12:42.020818,1,286339,93.5,1,1,T_3,2,2,,,,
488,2019-04-01 10:12:42.082914,1,286340,93.0,1,1,T_3,2,3,,,,
489,2019-04-01 10:12:42.143823,1,286341,92.75,1,1,T_3,2,4,,,,
490,2019-04-01 10:12:42.231219,1,286342,94.1,1,-1,T_3,2,1,,,,
491,2019-04-01 10:12:42.292200,1,286343,94.5,1,-1,T_3,2,2,,,,
492,2019-04-01 10:12:42.356016,1,286344,95.0,1,-1,T_3,2,3,,,,
493,2019-04-01 10:12:42.419234,1,286345,95.25,1,-1,T_3,2,4,,,,
494,2019-04-01 10:12:42.497336,1,286346,93.9,1,1,T_3,2,1,,,,
495,2019-04-01 10:12:42.558562,1,286347,93.5,1,1,T_3,2,2,,,,
496,2019-04-01 10:12:42.621479,1,286348,93.0,1,1,T_3,2,3,,,,
497,2019-04-01 10:12:42.685504,1,286349,92.75,1,1,T_3,2,4,,,,
498,2019-04-01 10:13:12.332326,1,286350,93.99000000000001,0,-1,T_1,2,-1,,,,
499,2019-04-01 10:14:26.979788,1,286351,94.1,2,-1,T_1,2,1,,,,
500,2019-04-01 10:15:01.954133,1,286352,94.1,0,-1,T_6,2,1,,,,
501,2019-04-01 10:15:32.529801,1,286353,94.1,2,-1,T_2,2,1,,,,
502,2019-04-01 10:15:32.655399,2,286352,94.0,0,-1,T_6,2,-1,,,,
503,2019-04-01 10:15:46.023394,1,286354,94.1,0,-1,T_9,2,1,,,,
504,2019-04-01 10:16:28.446542,1,286355,94.1,2,-1,T_1,2,1,,,,
505,2019-04-01 10:16:28.532119,2,286354,94.0,0,-1,T_9,2,-1,,,,
506,2019-04-01 10:16:34.050081,2,286350,94.0,0,-1,T_1,2,-1,,,,
507,2019-04-01 10:16:34.119593,2,286352,94.0,0,-1,T_6,2,-1,,,,
508,2019-04-01 10:16:34.185845,2,286354,94.0,0,-1,T_9,2,-1,,,,
509,2019-04-01 10:16:34.229712,1,286356,94.1,2,-1,T_3,2,1,,,,
510,2019-04-01 10:16:34.313098,1,286357,94.1,2,-1,T_1,2,1,,,,
511,2019-04-01 10:16:34.397788,1,286358,94.0,2,1,T_1,2,1,,,,
512,2019-04-01 10:16:50.558119,1,286359,94.09,0,-1,T_1,2,-1,,,,
513,2019-04-01 10:16:54.942845,1,286360,94.1,2,-1,T_1,2,1,,,,
514,2019-04-01 10:16:56.898207,1,286361,94.1,0,-1,T_9,2,1,,,,
515,2019-04-01 10:17:29.667925,1,286362,94.1,2,-1,T_1,2,1,,,,
516,2019-04-01 10:17:31.874143,2,286361,94.0,0,-1,T_9,2,-1,,,,
517,2019-04-01 10:17:55.959894,1,286363,94.1,0,-1,T_6,2,1,,,,
518,2019-04-01 10:18:00.721930,1,286364,94.1,2,-1,T_2,2,1,,,,
519,2019-04-01 10:18:00.803082,2,286363,94.0,0,-1,T_6,2,-1,,,,
520,2019-04-01 10:18:03.121612,2,286359,94.0,0,-1,T_1,2,-1,,,,
521,2019-04-01 10:18:03.192102,2,286361,94.0,0,-1,T_9,2,-1,,,,
522,2019-04-01 10:18:03.271748,2,286363,94.0,0,-1,T_6,2,-1,,,,
523,2019-04-01 10:18:03.323442,1,286365,94.1,2,-1,T_1,2,1,,,,
524,2019-04-01 10:18:03.397578,1,286366,94.1,2,-1,T_1,2,1,,,,
525,2019-04-01 10:18:03.475523,1,286367,94.1,2,1,T_1,2,-1,,,,
526,2019-04-01 10:18:07.780666,4,285857,94.1,2,-1,T_1,2,1,T_1,94.1,2,2019-04-01 10:10:31
527,2019-04-01 10:18:07.780666,4,286367,94.1,2,1,T_1,2,-1,T_1,94.1,2,2019-04-01 10:18:03
528,2019-04-01 10:18:13.113186,1,286368,94.09,0,-1,T_1,2,-1,,,,
529,2019-04-01 10:18:16.550419,1,286369,94.1,2,-1,T_3,2,1,,,,
530,2019-04-01 10:18:18.100674,1,286370,94.1,0,-1,T_6,2,1,,,,
531,2019-04-01 10:18:19.143097,1,286371,94.1,2,-1,T_3,2,1,,,,
532,2019-04-01 10:18:19.220996,2,286370,94.0,0,-1,T_6,2,-1,,,,
533,2019-04-01 10:18:20.127418,1,286372,94.1,0,-1,T_6,2,1,,,,
534,2019-04-01 10:18:21.029664,1,286373,94.1,2,-1,T_1,2,1,,,,
535,2019-04-01 10:18:21.111428,2,286372,94.0,0,-1,T_6,2,-1,,,,
536,2019-04-01 10:18:21.937617,2,286368,94.0,0,-1,T_1,2,-1,,,,
537,2019-04-01 10:18:22.047377,2,286370,94.0,0,-1,T_6,2,-1,,,,
538,2019-04-01 10:18:22.325158,2,286372,94.0,0,-1,T_6,2,-1,,,,
539,2019-04-01 10:18:22.390553,1,286374,94.1,2,-1,T_2,2,1,,,,
540,2019-04-01 10:18:22.468337,1,286375,94.1,2,-1,T_1,2,1,,,,
541,2019-04-01 10:18:29.838008,1,286376,94.1,2,1,T_1,2,-1,,,,
542,2019-04-01 10:18:29.905314,4,285874,94.1,1,-1,T_2,2,1,T_2,94.1,1,2019-04-01 10:10:43
543,2019-04-01 10:18:29.905314,4,285878,94.1,1,-1,T_2,2,1,T_2,94.1,1,2019-04-01 10:10:43
544,2019-04-01 10:18:29.905314,4,286376,94.1,1,1,T_1,2,-1,T_1,94.1,1,2019-04-01 10:18:30
545,2019-04-01 10:18:29.905314,4,286376,94.1,1,1,T_1,2,-1,T_1,94.1,1,2019-04-01 10:18:30
546,2019-04-01 10:20:14.045419,1,286377,94.09,0,-1,T_1,2,-1,,,,
547,2019-04-01 10:20:27.199562,1,286378,94.1,2,-1,T_1,2,1,,,,
548,2019-04-01 10:20:29.491606,1,286379,94.1,0,-1,T_6,2,1,,,,
549,2019-04-01 10:20:31.449429,1,286380,94.1,2,-1,T_1,2,1,,,,
550,2019-04-01 10:20:31.522599,2,286379,94.0,0,-1,T_6,2,-1,,,,
551,2019-04-01 10:20:33.064219,1,286381,94.1,0,-1,T_9,2,1,,,,
552,2019-04-01 10:20:39.057299,1,286382,94.1,2,-1,T_1,2,1,,,,
553,2019-04-01 10:20:39.139405,2,286381,94.0,0,-1,T_9,2,-1,,,,
554,2019-04-01 10:20:41.195457,2,286377,94.0,0,-1,T_1,2,-1,,,,
555,2019-04-01 10:20:41.264733,2,286379,94.0,0,-1,T_6,2,-1,,,,
556,2019-04-01 10:20:41.334137,2,286381,94.0,0,-1,T_9,2,-1,,,,
557,2019-04-01 10:20:41.386808,1,286383,94.1,2,-1,T_1,2,1,,,,
558,2019-04-01 10:20:41.454105,1,286384,94.1,2,-1,T_1,2,1,,,,
559,2019-04-01 10:20:41.531558,1,286385,94.1,2,1,T_1,2,-1,,,,
560,2019-04-01 10:20:42.528399,4,285886,94.1,1,-1,T_2,2,1,T_2,94.1,1,2019-04-01 10:10:43
561,2019-04-01 10:20:42.528399,4,285890,94.1,1,-1,T_3,2,1,T_2,94.1,1,2019-04-01 10:10:43
562,2019-04-01 10:20:42.528399,4,286385,94.1,1,1,T_1,2,-1,T_1,94.1,1,2019-04-01 10:20:42
563,2019-04-01 10:20:42.528399,4,286385,94.1,1,1,T_1,2,-1,T_1,94.1,1,2019-04-01 10:20:42
564,2019-04-01 10:20:44.556442,1,286386,94.09,0,-1,T_1,2,-1,,,,
565,2019-04-01 10:20:47.438294,1,286387,94.1,2,-1,T_3,2,1,,,,
566,2019-04-01 10:20:50.490165,1,286388,94.1,0,-1,T_6,2,1,,,,
567,2019-04-01 10:20:52.839202,1,286389,94.1,2,-1,T_1,2,1,,,,
568,2019-04-01 10:20:52.914115,2,286388,94.0,0,-1,T_6,2,-1,,,,
569,2019-04-01 10:20:54.942103,1,286390,94.1,0,-1,T_9,2,1,,,,
570,2019-04-01 10:20:56.807040,1,286391,94.1,2,-1,T_1,2,1,,,,
571,2019-04-01 10:20:56.884494,2,286390,94.0,0,-1,T_9,2,-1,,,,
572,2019-04-01 10:20:59.400274,2,286386,94.0,0,-1,T_1,2,-1,,,,
573,2019-04-01 10:20:59.469701,2,286388,94.0,0,-1,T_6,2,-1,,,,
574,2019-04-01 10:20:59.546704,2,286390,94.0,0,-1,T_9,2,-1,,,,
575,2019-04-01 10:20:59.596590,1,286392,94.1,2,-1,T_2,2,1,,,,
576,2019-04-01 10:20:59.678762,1,286393,94.1,2,-1,T_1,2,1,,,,
577,2019-04-01 10:20:59.754249,1,286394,94.1,2,1,T_1,2,-1,,,,
578,2019-04-01 10:20:59.817264,4,285898,94.1,1,-1,T_3,2,1,T_3,94.1,1,2019-04-01 10:10:44
579,2019-04-01 10:20:59.817264,4,285910,94.1,1,-1,T_1,2,1,T_3,94.1,1,2019-04-01 10:10:44
580,2019-04-01 10:20:59.817264,4,286394,94.1,1,1,T_1,2,-1,T_1,94.1,1,2019-04-01 10:21:00
581,2019-04-01 10:20:59.817264,4,286394,94.1,1,1,T_1,2,-1,T_1,94.1,1,2019-04-01 10:21:00
582,2019-04-01 10:23:35.057257,1,286395,94.09,0,-1,T_1,2,-1,,,,
583,2019-04-01 10:23:39.746092,1,286396,94.1,2,-1,T_2,2,1,,,,
584,2019-04-01 10:23:41.443669,1,286397,94.1,0,-1,T_1,2,1,,,,
585,2019-04-01 10:23:42.797158,1,286398,94.1,2,-1,T_2,2,1,,,,
586,2019-04-01 10:23:42.917779,2,286397,94.0,0,-1,T_1,2,-1,,,,
587,2019-04-01 10:23:43.902587,1,286399,94.1,0,-1,T_9,2,1,,,,
588,2019-04-01 10:23:44.926140,1,286400,94.1,2,-1,T_2,2,1,,,,
589,2019-04-01 10:23:45.003487,2,286399,94.0,0,-1,T_9,2,-1,,,,
590,2019-04-01 10:23:45.840489,2,286395,94.0,0,-1,T_1,2,-1,,,,
591,2019-04-01 10:23:45.902948,2,286397,94.0,0,-1,T_1,2,-1,,,,
592,2019-04-01 10:23:46.147406,2,286399,94.0,0,-1,T_9,2,-1,,,,
593,2019-04-01 10:23:46.200427,1,286401,94.1,2,-1,T_2,2,1,,,,
594,2019-04-01 10:23:46.275572,1,286402,94.1,2,-1,T_2,2,1,,,,
595,2019-04-01 10:23:46.481388,1,286403,94.1,2,1,T_1,2,-1,,,,
596,2019-04-01 10:23:46.551458,4,285914,94.1,1,-1,T_1,2,1,T_1,94.1,1,2019-04-01 10:10:51
597,2019-04-01 10:23:46.551458,4,285918,94.1,1,-1,T_1,2,1,T_1,94.1,1,2019-04-01 10:10:51
598,2019-04-01 10:23:46.551458,4,286403,94.1,1,1,T_1,2,-1,T_1,94.1,1,2019-04-01 10:23:46
599,2019-04-01 10:23:46.551458,4,286403,94.1,1,1,T_1,2,-1,T_1,94.1,1,2019-04-01 10:23:46
600,2019-04-01 10:23:47.210196,1,286404,94.0,1,1,T_1,2,1,,,,
601,2019-04-01 10:23:47.291193,1,286405,93.9,1,1,T_1,2,2,,,,
602,2019-04-01 10:23:47.543434,1,286406,93.5,1,1,T_1,2,3,,,,
603,2019-04-01 10:23:47.620776,1,286407,93.0,1,1,T_1,2,4,,,,
604,2019-04-01 10:23:47.892170,1,286408,94.1,1,-1,T_1,2,1,,,,
605,2019-04-01 10:23:47.966542,1,286409,94.5,1,-1,T_1,2,2,,,,
606,2019-04-01 10:23:48.039196,1,286410,95.0,1,-1,T_1,2,3,,,,
607,2019-04-01 10:23:48.241197,1,286411,95.25,1,-1,T_1,2,4,,,,
608,2019-04-01 10:23:48.327976,1,286412,94.1,1,-1,T_1,2,1,,,,
609,2019-04-01 10:23:48.547018,1,286413,94.5,1,-1,T_1,2,2,,,,
610,2019-04-01 10:23:48.627669,1,286414,95.0,1,-1,T_1,2,3,,,,
611,2019-04-01 10:23:48.696681,1,286415,95.25,1,-1,T_1,2,4,,,,
612,2019-04-01 10:23:48.970665,1,286416,94.1,1,-1,T_2,2,1,,,,
613,2019-04-01 10:23:49.037091,1,286417,94.5,1,-1,T_2,2,2,,,,
614,2019-04-01 10:23:49.321999,1,286418,95.0,1,-1,T_2,2,3,,,,
615,2019-04-01 10:23:49.389962,1,286419,95.25,1,-1,T_2,2,4,,,,
616,2019-04-01 10:23:49.657384,1,286420,94.0,1,1,T_2,2,1,,,,
617,2019-04-01 10:23:49.743584,1,286421,93.9,1,1,T_2,2,2,,,,
618,2019-04-01 10:23:49.811116,1,286422,93.5,1,1,T_2,2,3,,,,
619,2019-04-01 10:23:50.040831,1,286423,93.0,1,1,T_2,2,4,,,,
620,2019-04-01 10:23:50.120878,1,286424,94.1,1,-1,T_2,2,1,,,,
621,2019-04-01 10:23:50.354811,1,286425,94.5,1,-1,T_2,2,2,,,,
622,2019-04-01 10:23:50.435799,1,286426,95.0,1,-1,T_2,2,3,,,,
623,2019-04-01 10:23:50.504621,1,286427,95.25,1,-1,T_2,2,4,,,,
624,2019-04-01 10:23:50.781582,1,286428,94.1,1,-1,T_2,2,1,,,,
625,2019-04-01 10:23:50.853457,1,286429,94.5,1,-1,T_2,2,2,,,,
626,2019-04-01 10:23:50.921431,1,286430,95.0,1,-1,T_2,2,3,,,,
627,2019-04-01 10:23:51.156988,1,286431,95.25,1,-1,T_2,2,4,,,,
628,2019-04-01 10:23:51.238195,1,286432,94.0,1,1,T_2,2,1,,,,
629,2019-04-01 10:23:51.304533,1,286433,93.9,1,1,T_2,2,2,,,,
630,2019-04-01 10:23:51.556332,1,286434,93.5,1,1,T_2,2,3,,,,
631,2019-04-01 10:23:51.622611,1,286435,93.0,1,1,T_2,2,4,,,,
632,2019-04-01 10:23:51.706998,1,286436,94.0,1,1,T_3,2,1,,,,
633,2019-04-01 10:23:51.967838,1,286437,93.9,1,1,T_3,2,2,,,,
634,2019-04-01 10:23:52.036329,1,286438,93.5,1,1,T_3,2,3,,,,
635,2019-04-01 10:23:52.107155,1,286439,93.0,1,1,T_3,2,4,,,,
636,2019-04-01 10:23:52.416911,1,286440,94.0,1,1,T_3,2,1,,,,
637,2019-04-01 10:23:52.482997,1,286441,93.9,1,1,T_3,2,2,,,,
638,2019-04-01 10:23:52.825536,1,286442,93.5,1,1,T_3,2,3,,,,
639,2019-04-01 10:23:52.898878,1,286443,93.0,1,1,T_3,2,4,,,,
640,2019-04-01 10:23:52.978975,1,286444,94.0,1,1,T_3,2,1,,,,
641,2019-04-01 10:23:53.048569,1,286445,93.9,1,1,T_3,2,2,,,,
642,2019-04-01 10:23:53.383237,1,286446,93.5,1,1,T_3,2,3,,,,
643,2019-04-01 10:23:53.451226,1,286447,93.0,1,1,T_3,2,4,,,,
644,2019-04-01 10:23:53.535780,1,286448,94.0,1,1,T_3,2,1,,,,
645,2019-04-01 10:23:53.860454,1,286449,93.9,1,1,T_3,2,2,,,,
646,2019-04-01 10:23:53.926979,1,286450,93.5,1,1,T_3,2,3,,,,
647,2019-04-01 10:23:53.994295,1,286451,93.0,1,1,T_3,2,4,,,,
648,2019-04-01 10:23:55.078361,1,286452,94.09,0,-1,T_1,2,-1,,,,
649,2019-04-01 10:23:56.435801,1,286453,94.1,2,-1,T_2,2,1,,,,
650,2019-04-01 10:23:57.934226,1,286454,94.1,0,-1,T_6,2,1,,,,
651,2019-04-01 10:23:58.772365,1,286455,94.1,2,-1,T_2,2,1,,,,
652,2019-04-01 10:23:58.846903,2,286454,94.0,0,-1,T_6,2,-1,,,,
653,2019-04-01 10:23:59.745166,1,286456,94.1,0,-1,T_6,2,1,,,,
654,2019-04-01 10:24:10.789695,1,286457,94.1,2,-1,T_3,2,1,,,,
655,2019-04-01 10:24:10.877612,2,286456,94.0,0,-1,T_6,2,-1,,,,
656,2019-04-01 10:24:14.214781,2,286452,94.0,0,-1,T_1,2,-1,,,,
657,2019-04-01 10:24:14.289492,2,286454,94.0,0,-1,T_6,2,-1,,,,
658,2019-04-01 10:24:14.366106,2,286456,94.0,0,-1,T_6,2,-1,,,,
659,2019-04-01 10:24:14.419324,1,286458,94.1,2,-1,T_3,2,1,,,,
660,2019-04-01 10:24:15.006276,1,286459,94.1,2,-1,T_3,2,1,,,,
661,2019-04-01 10:24:15.082329,1,286460,94.1,2,1,T_1,2,-1,,,,
662,2019-04-01 10:24:15.137780,4,285950,94.1,1,-1,T_1,2,1,T_1,94.1,1,2019-04-01 10:11:09
663,2019-04-01 10:24:15.137780,4,285954,94.1,1,-1,T_1,2,1,T_1,94.1,1,2019-04-01 10:11:09
664,2019-04-01 10:24:15.137780,4,286460,94.1,1,1,T_1,2,-1,T_1,94.1,1,2019-04-01 10:24:15
665,2019-04-01 10:24:15.137780,4,286460,94.1,1,1,T_1,2,-1,T_1,94.1,1,2019-04-01 10:24:15
666,2019-04-01 10:24:15.572590,1,286461,94.0,1,1,T_1,2,1,,,,
667,2019-04-01 10:24:15.652681,1,286462,93.9,1,1,T_1,2,2,,,,
668,2019-04-01 10:24:15.724618,1,286463,93.5,1,1,T_1,2,3,,,,
669,2019-04-01 10:24:15.796966,1,286464,93.0,1,1,T_1,2,4,,,,
670,2019-04-01 10:24:15.885255,1,286465,94.0,1,1,T_1,2,1,,,,
671,2019-04-01 10:24:15.956104,1,286466,93.9,1,1,T_1,2,2,,,,
672,2019-04-01 10:24:16.025913,1,286467,93.5,1,1,T_1,2,3,,,,
673,2019-04-01 10:24:16.096335,1,286468,93.0,1,1,T_1,2,4,,,,
674,2019-04-01 10:24:16.180235,1,286469,94.0,1,1,T_1,2,1,,,,
675,2019-04-01 10:24:16.255889,1,286470,93.9,1,1,T_1,2,2,,,,
676,2019-04-01 10:24:16.325865,1,286471,93.5,1,1,T_1,2,3,,,,
677,2019-04-01 10:24:16.396698,1,286472,93.0,1,1,T_1,2,4,,,,
678,2019-04-01 10:24:16.483403,1,286473,94.0,1,1,T_1,2,1,,,,
679,2019-04-01 10:24:16.560658,1,286474,93.9,1,1,T_1,2,2,,,,
680,2019-04-01 10:24:16.635414,1,286475,93.5,1,1,T_1,2,3,,,,
681,2019-04-01 10:24:16.705215,1,286476,93.0,1,1,T_1,2,4,,,,
682,2019-04-01 10:24:16.793336,1,286477,94.1,1,-1,T_2,2,1,,,,
683,2019-04-01 10:24:16.862696,1,286478,94.5,1,-1,T_2,2,2,,,,
684,2019-04-01 10:24:16.933389,1,286479,95.0,1,-1,T_2,2,3,,,,
685,2019-04-01 10:24:17.001163,1,286480,95.25,1,-1,T_2,2,4,,,,
686,2019-04-01 10:24:17.856977,1,286481,94.1,1,-1,T_2,2,1,,,,
687,2019-04-01 10:24:17.934372,1,286482,94.5,1,-1,T_2,2,2,,,,
688,2019-04-01 10:24:18.003168,1,286483,95.0,1,-1,T_2,2,3,,,,
689,2019-04-01 10:24:18.070088,1,286484,95.25,1,-1,T_2,2,4,,,,
690,2019-04-01 10:24:18.157663,1,286485,94.1,1,-1,T_3,2,1,,,,
691,2019-04-01 10:24:18.229783,1,286486,94.5,1,-1,T_3,2,2,,,,
692,2019-04-01 10:24:18.298957,1,286487,95.0,1,-1,T_3,2,3,,,,
693,2019-04-01 10:24:18.368361,1,286488,95.25,1,-1,T_3,2,4,,,,
694,2019-04-01 10:24:18.469718,1,286489,94.1,1,-1,T_3,2,1,,,,
695,2019-04-01 10:24:18.537635,1,286490,94.5,1,-1,T_3,2,2,,,,
696,2019-04-01 10:24:18.606672,1,286491,95.0,1,-1,T_3,2,3,,,,
697,2019-04-01 10:24:18.673836,1,286492,95.25,1,-1,T_3,2,4,,,,
698,2019-04-01 10:24:18.775064,1,286493,94.1,1,-1,T_3,2,1,,,,
699,2019-04-01 10:24:18.844663,1,286494,94.5,1,-1,T_3,2,2,,,,
700,2019-04-01 10:24:18.913645,1,286495,95.0,1,-1,T_3,2,3,,,,
701,2019-04-01 10:24:18.986576,1,286496,95.25,1,-1,T_3,2,4,,,,
702,2019-04-01 10:24:20.606736,1,286497,94.09,0,-1,T_1,2,-1,,,,
703,2019-04-01 10:24:21.860271,1,286498,94.1,2,-1,T_2,2,1,,,,
704,2019-04-01 10:24:22.729927,1,286499,94.1,0,-1,T_6,2,1,,,,
705,2019-04-01 10:24:23.733204,1,286500,94.1,2,-1,T_2,2,1,,,,
706,2019-04-01 10:24:23.810516,2,286499,94.0,0,-1,T_6,2,-1,,,,
707,2019-04-01 10:24:24.705306,1,286501,94.1,0,-1,T_9,2,1,,,,
708,2019-04-01 10:24:25.699400,1,286502,94.1,2,-1,T_3,2,1,,,,
709,2019-04-01 10:24:25.770657,2,286501,94.0,0,-1,T_9,2,-1,,,,
710,2019-04-01 10:24:26.702369,2,286497,94.0,0,-1,T_1,2,-1,,,,
711,2019-04-01 10:24:26.814056,2,286499,94.0,0,-1,T_6,2,-1,,,,
712,2019-04-01 10:24:27.122970,2,286501,94.0,0,-1,T_9,2,-1,,,,
713,2019-04-01 10:24:27.184909,1,286503,94.1,2,-1,T_2,2,1,,,,
714,2019-04-01 10:24:27.263374,1,286504,94.1,2,-1,T_3,2,1,,,,
715,2019-04-01 10:24:27.555441,1,286505,94.1,2,1,T_1,2,-1,,,,
716,2019-04-01 10:24:27.631813,4,285966,94.1,1,-1,T_2,2,1,T_2,94.1,1,2019-04-01 10:11:10
717,2019-04-01 10:24:27.631813,4,285970,94.1,1,-1,T_2,2,1,T_2,94.1,1,2019-04-01 10:11:10
718,2019-04-01 10:24:27.631813,4,286505,94.1,1,1,T_1,2,-1,T_1,94.1,1,2019-04-01 10:24:28
719,2019-04-01 10:24:27.631813,4,286505,94.1,1,1,T_1,2,-1,T_1,94.1,1,2019-04-01 10:24:28
720,2019-04-01 10:24:28.275545,1,286506,94.1,1,-1,T_1,2,1,,,,
721,2019-04-01 10:24:28.355138,1,286507,94.5,1,-1,T_1,2,2,,,,
722,2019-04-01 10:24:28.428965,1,286508,95.0,1,-1,T_1,2,3,,,,
723,2019-04-01 10:24:28.503826,1,286509,95.25,1,-1,T_1,2,4,,,,
724,2019-04-01 10:24:28.619183,1,286510,94.1,1,-1,T_1,2,1,,,,
725,2019-04-01 10:24:28.700015,1,286511,94.5,1,-1,T_1,2,2,,,,
726,2019-04-01 10:24:28.773962,1,286512,95.0,1,-1,T_1,2,3,,,,
727,2019-04-01 10:24:29.102706,1,286513,95.25,1,-1,T_1,2,4,,,,
728,2019-04-01 10:24:29.193441,1,286514,94.1,1,-1,T_1,2,1,,,,
729,2019-04-01 10:24:29.265531,1,286515,94.5,1,-1,T_1,2,2,,,,
730,2019-04-01 10:24:29.694112,1,286516,95.0,1,-1,T_1,2,3,,,,
731,2019-04-01 10:24:29.768623,1,286517,95.25,1,-1,T_1,2,4,,,,
732,2019-04-01 10:24:29.923152,1,286518,94.1,1,-1,T_2,2,1,,,,
733,2019-04-01 10:24:29.996520,1,286519,94.5,1,-1,T_2,2,2,,,,
734,2019-04-01 10:24:30.065921,1,286520,95.0,1,-1,T_2,2,3,,,,
735,2019-04-01 10:24:30.136701,1,286521,95.25,1,-1,T_2,2,4,,,,
736,2019-04-01 10:24:30.223750,1,286522,94.0,1,1,T_2,2,1,,,,
737,2019-04-01 10:24:30.293295,1,286523,93.9,1,1,T_2,2,2,,,,
738,2019-04-01 10:24:30.364306,1,286524,93.5,1,1,T_2,2,3,,,,
739,2019-04-01 10:24:30.449174,1,286525,93.0,1,1,T_2,2,4,,,,
740,2019-04-01 10:24:30.536637,1,286526,94.0,1,1,T_2,2,1,,,,
741,2019-04-01 10:24:30.607776,1,286527,93.9,1,1,T_2,2,2,,,,
742,2019-04-01 10:24:30.678271,1,286528,93.5,1,1,T_2,2,3,,,,
743,2019-04-01 10:24:30.748357,1,286529,93.0,1,1,T_2,2,4,,,,
744,2019-04-01 10:24:30.833574,1,286530,94.0,1,1,T_2,2,1,,,,
745,2019-04-01 10:24:30.904609,1,286531,93.9,1,1,T_2,2,2,,,,
746,2019-04-01 10:24:30.976419,1,286532,93.5,1,1,T_2,2,3,,,,
747,2019-04-01 10:24:31.046535,1,286533,93.0,1,1,T_2,2,4,,,,
748,2019-04-01 10:24:31.136752,1,286534,94.1,1,-1,T_3,2,1,,,,
749,2019-04-01 10:24:31.208016,1,286535,94.5,1,-1,T_3,2,2,,,,
750,2019-04-01 10:24:31.277731,1,286536,95.0,1,-1,T_3,2,3,,,,
751,2019-04-01 10:24:31.349620,1,286537,95.25,1,-1,T_3,2,4,,,,
752,2019-04-01 10:24:31.439525,1,286538,94.1,1,-1,T_3,2,1,,,,
753,2019-04-01 10:24:31.512503,1,286539,94.5,1,-1,T_3,2,2,,,,
754,2019-04-01 10:24:31.582715,1,286540,95.0,1,-1,T_3,2,3,,,,
755,2019-04-01 10:24:31.653130,1,286541,95.25,1,-1,T_3,2,4,,,,
756,2019-04-01 10:24:31.739588,1,286542,94.1,1,-1,T_3,2,1,,,,
757,2019-04-01 10:24:31.810655,1,286543,94.5,1,-1,T_3,2,2,,,,
758,2019-04-01 10:24:31.882341,1,286544,95.0,1,-1,T_3,2,3,,,,
759,2019-04-01 10:24:31.952636,1,286545,95.25,1,-1,T_3,2,4,,,,
760,2019-04-01 10:24:32.041620,1,286546,94.1,1,-1,T_3,2,1,,,,
761,2019-04-01 10:24:32.112261,1,286547,94.5,1,-1,T_3,2,2,,,,
762,2019-04-01 10:24:32.183087,1,286548,95.0,1,-1,T_3,2,3,,,,
763,2019-04-01 10:24:32.264566,1,286549,95.25,1,-1,T_3,2,4,,,,
764,2019-04-01 10:24:32.357862,1,286550,94.0,1,1,T_3,2,1,,,,
765,2019-04-01 10:24:32.443537,1,286551,93.9,1,1,T_3,2,2,,,,
766,2019-04-01 10:24:32.519091,1,286552,93.5,1,1,T_3,2,3,,,,
767,2019-04-01 10:24:32.593942,1,286553,93.0,1,1,T_3,2,4,,,,
768,2019-04-01 10:24:33.640189,1,286554,94.0,1,1,T_1,2,1,,,,
769,2019-04-01 10:24:33.734723,1,286555,93.9,1,1,T_1,2,2,,,,
770,2019-04-01 10:24:33.816801,1,286556,93.5,1,1,T_1,2,3,,,,
771,2019-04-01 10:24:33.897818,1,286557,93.0,1,1,T_1,2,4,,,,
772,2019-04-01 10:24:33.996007,1,286558,94.0,1,1,T_1,2,1,,,,
773,2019-04-01 10:24:34.067642,1,286559,93.9,1,1,T_1,2,2,,,,
774,2019-04-01 10:24:34.140830,1,286560,93.5,1,1,T_1,2,3,,,,
775,2019-04-01 10:24:34.212029,1,286561,93.0,1,1,T_1,2,4,,,,
776,2019-04-01 10:24:34.302437,1,286562,94.0,1,1,T_1,2,1,,,,
777,2019-04-01 10:24:34.376765,1,286563,93.9,1,1,T_1,2,2,,,,
778,2019-04-01 10:24:34.450308,1,286564,93.5,1,1,T_1,2,3,,,,
779,2019-04-01 10:24:34.522741,1,286565,93.0,1,1,T_1,2,4,,,,
780,2019-04-01 10:24:34.630052,1,286566,94.1,1,-1,T_2,2,1,,,,
781,2019-04-01 10:24:34.701870,1,286567,94.5,1,-1,T_2,2,2,,,,
782,2019-04-01 10:24:34.775814,1,286568,95.0,1,-1,T_2,2,3,,,,
783,2019-04-01 10:24:34.847898,1,286569,95.25,1,-1,T_2,2,4,,,,
784,2019-04-01 10:24:34.939607,1,286570,94.0,1,1,T_2,2,1,,,,
785,2019-04-01 10:24:35.024422,1,286571,93.9,1,1,T_2,2,2,,,,
786,2019-04-01 10:24:35.098159,1,286572,93.5,1,1,T_2,2,3,,,,
787,2019-04-01 10:24:35.169067,1,286573,93.0,1,1,T_2,2,4,,,,
788,2019-04-01 10:24:35.282175,1,286574,94.0,1,1,T_2,2,1,,,,
789,2019-04-01 10:24:35.369953,1,286575,93.9,1,1,T_2,2,2,,,,
790,2019-04-01 10:24:35.451905,1,286576,93.5,1,1,T_2,2,3,,,,
791,2019-04-01 10:24:35.534845,1,286577,93.0,1,1,T_2,2,4,,,,
792,2019-04-01 10:24:35.656206,1,286578,94.0,1,1,T_3,2,1,,,,
793,2019-04-01 10:24:35.733414,1,286579,93.9,1,1,T_3,2,2,,,,
794,2019-04-01 10:24:35.807131,1,286580,93.5,1,1,T_3,2,3,,,,
795,2019-04-01 10:24:35.878995,1,286581,93.0,1,1,T_3,2,4,,,,
796,2019-04-01 10:24:35.968033,1,286582,94.0,1,1,T_3,2,1,,,,
797,2019-04-01 10:24:36.041381,1,286583,93.9,1,1,T_3,2,2,,,,
798,2019-04-01 10:24:36.113685,1,286584,93.5,1,1,T_3,2,3,,,,
799,2019-04-01 10:24:36.185265,1,286585,93.0,1,1,T_3,2,4,,,,
800,2019-04-01 10:24:36.276228,1,286586,94.0,1,1,T_3,2,1,,,,
801,2019-04-01 10:24:36.349155,1,286587,93.9,1,1,T_3,2,2,,,,
802,2019-04-01 10:24:36.423216,1,286588,93.5,1,1,T_3,2,3,,,,
803,2019-04-01 10:24:36.495442,1,286589,93.0,1,1,T_3,2,4,,,,
804,2019-04-01 10:24:36.584379,1,286590,94.0,1,1,T_3,2,1,,,,
805,2019-04-01 10:24:36.658228,1,286591,93.9,1,1,T_3,2,2,,,,
806,2019-04-01 10:24:36.731532,1,286592,93.5,1,1,T_3,2,3,,,,
807,2019-04-01 10:24:36.803596,1,286593,93.0,1,1,T_3,2,4,,,,
