,timestamp,type,order_id,price,volume,direction,trader_id,stock_id,order_level,matched_order_trader_id,match_price,match_volume,match_timestamp
0,2019-03-14 11:26:43.732744,1,230841,29.5916,33,1,T_1,3,1,,,,
1,2019-03-14 11:26:43.766796,1,230842,29.1916,28,1,T_1,3,2,,,,
2,2019-03-14 11:26:43.798455,1,230843,28.6916,37,1,T_1,3,3,,,,
3,2019-03-14 11:26:43.829566,1,230844,28.4416,37,1,T_1,3,4,,,,
4,2019-03-14 11:26:43.861183,1,230845,28.1916,39,1,T_1,3,5,,,,
5,2019-03-14 11:26:43.892742,1,230846,29.791600000000003,31,-1,T_1,3,1,,,,
6,2019-03-14 11:26:43.922157,1,230847,30.1916,36,-1,T_1,3,2,,,,
7,2019-03-14 11:26:43.953130,1,230848,30.6916,34,-1,T_1,3,3,,,,
8,2019-03-14 11:26:43.984038,1,230849,30.9416,27,-1,T_1,3,4,,,,
9,2019-03-14 11:26:44.014449,1,230850,31.1916,31,-1,T_1,3,5,,,,
10,2019-03-14 11:26:44.047024,1,230851,29.5916,1,1,T_1,3,1,,,,
11,2019-03-14 11:26:44.078081,1,230852,29.1916,1,1,T_1,3,2,,,,
12,2019-03-14 11:26:44.110543,1,230853,28.6916,1,1,T_1,3,3,,,,
13,2019-03-14 11:26:44.142159,1,230854,28.4416,1,1,T_1,3,4,,,,
14,2019-03-14 11:26:44.173119,1,230855,29.5916,1,1,T_1,3,1,,,,
15,2019-03-14 11:26:44.203499,1,230856,29.1916,1,1,T_1,3,2,,,,
16,2019-03-14 11:26:44.233966,1,230857,28.6916,1,1,T_1,3,3,,,,
17,2019-03-14 11:26:44.264756,1,230858,28.4416,1,1,T_1,3,4,,,,
18,2019-03-14 11:26:44.298681,1,230859,29.5916,1,1,T_1,3,1,,,,
19,2019-03-14 11:26:44.332590,1,230860,29.1916,1,1,T_1,3,2,,,,
20,2019-03-14 11:26:44.368255,1,230861,28.6916,1,1,T_1,3,3,,,,
21,2019-03-14 11:26:44.400948,1,230862,28.4416,1,1,T_1,3,4,,,,
22,2019-03-14 11:26:44.433717,1,230863,29.5916,1,1,T_2,3,1,,,,
23,2019-03-14 11:26:44.464923,1,230864,29.1916,1,1,T_2,3,2,,,,
24,2019-03-14 11:26:44.497970,1,230865,28.6916,1,1,T_2,3,3,,,,
25,2019-03-14 11:26:44.532235,1,230866,28.4416,1,1,T_2,3,4,,,,
26,2019-03-14 11:26:44.564423,1,230867,29.5916,1,1,T_2,3,1,,,,
27,2019-03-14 11:26:44.594905,1,230868,29.1916,1,1,T_2,3,2,,,,
28,2019-03-14 11:26:44.626289,1,230869,28.6916,1,1,T_2,3,3,,,,
29,2019-03-14 11:26:44.659145,1,230870,28.4416,1,1,T_2,3,4,,,,
30,2019-03-14 11:26:44.691266,1,230871,29.5916,1,1,T_2,3,1,,,,
31,2019-03-14 11:26:44.722137,1,230872,29.1916,1,1,T_2,3,2,,,,
32,2019-03-14 11:26:44.753656,1,230873,28.6916,1,1,T_2,3,3,,,,
33,2019-03-14 11:26:44.785032,1,230874,28.4416,1,1,T_2,3,4,,,,
34,2019-03-14 11:26:44.817230,1,230875,29.0,7,-1,T_3,3,-1,,,,
35,2019-03-14 11:26:44.848498,4,230875,29.0,7,-1,T_3,3,-1,T_3,29.0,7,2019-03-14 11:26:45
36,2019-03-14 11:26:44.848498,4,230841,29.0,7,1,T_1,3,-1,T_1,29.0,7,2019-03-14 11:26:44
37,2019-03-14 11:26:44.913084,1,230876,29.0,6,-1,T_3,3,-1,,,,
38,2019-03-14 11:26:44.943580,4,230876,29.0,6,-1,T_3,3,-1,T_3,29.0,6,2019-03-14 11:26:45
39,2019-03-14 11:26:44.943580,4,230841,29.0,6,1,T_1,3,-1,T_1,29.0,6,2019-03-14 11:26:44
40,2019-03-14 11:26:45.007982,1,230877,29.0,6,-1,T_3,3,-1,,,,
41,2019-03-14 11:26:45.038485,4,230877,29.0,6,-1,T_3,3,-1,T_3,29.0,6,2019-03-14 11:26:45
42,2019-03-14 11:26:45.038485,4,230841,29.0,6,1,T_1,3,-1,T_1,29.0,6,2019-03-14 11:26:44
43,2019-03-14 11:26:45.108201,1,230878,29.5916,1,1,T_1,3,1,,,,
44,2019-03-14 11:26:45.140111,1,230879,29.1916,1,1,T_1,3,2,,,,
45,2019-03-14 11:26:45.172993,1,230880,28.6916,1,1,T_1,3,3,,,,
46,2019-03-14 11:26:45.204167,1,230881,28.4416,1,1,T_1,3,4,,,,
47,2019-03-14 11:26:45.236726,1,230882,29.5916,1,1,T_1,3,1,,,,
48,2019-03-14 11:26:45.267684,1,230883,29.1916,1,1,T_1,3,2,,,,
49,2019-03-14 11:26:45.301607,1,230884,28.6916,1,1,T_1,3,3,,,,
50,2019-03-14 11:26:45.332699,1,230885,28.4416,1,1,T_1,3,4,,,,
51,2019-03-14 11:26:45.365219,1,230886,29.791600000000003,1,-1,T_1,3,1,,,,
52,2019-03-14 11:26:45.397483,1,230887,30.1916,1,-1,T_1,3,2,,,,
53,2019-03-14 11:26:45.429720,1,230888,30.6916,1,-1,T_1,3,3,,,,
54,2019-03-14 11:26:45.462100,1,230889,30.9416,1,-1,T_1,3,4,,,,
55,2019-03-14 11:26:45.492727,1,230890,29.791600000000003,1,-1,T_2,3,1,,,,
56,2019-03-14 11:26:45.524379,1,230891,30.1916,1,-1,T_2,3,2,,,,
57,2019-03-14 11:26:45.555392,1,230892,30.6916,1,-1,T_2,3,3,,,,
58,2019-03-14 11:26:45.586603,1,230893,30.9416,1,-1,T_2,3,4,,,,
59,2019-03-14 11:26:45.617531,1,230894,29.5916,1,1,T_2,3,1,,,,
60,2019-03-14 11:26:45.648706,1,230895,29.1916,1,1,T_2,3,2,,,,
61,2019-03-14 11:26:45.680571,1,230896,28.6916,1,1,T_2,3,3,,,,
62,2019-03-14 11:26:45.710972,1,230897,28.4416,1,1,T_2,3,4,,,,
63,2019-03-14 11:26:45.743743,1,230898,29.5916,1,1,T_2,3,1,,,,
64,2019-03-14 11:26:45.775185,1,230899,29.1916,1,1,T_2,3,2,,,,
65,2019-03-14 11:26:45.806449,1,230900,28.6916,1,1,T_2,3,3,,,,
66,2019-03-14 11:26:45.836628,1,230901,28.4416,1,1,T_2,3,4,,,,
67,2019-03-14 11:26:45.870590,1,230902,29.791600000000003,1,-1,T_2,3,1,,,,
68,2019-03-14 11:26:45.905602,1,230903,30.1916,1,-1,T_2,3,2,,,,
69,2019-03-14 11:26:45.937540,1,230904,30.6916,1,-1,T_2,3,3,,,,
70,2019-03-14 11:26:45.968572,1,230905,30.9416,1,-1,T_2,3,4,,,,
71,2019-03-14 11:26:46.209352,1,230906,29.0,6,-1,T_3,3,-1,,,,
72,2019-03-14 11:26:46.247976,4,230906,29.0,6,-1,T_3,3,-1,T_3,29.0,6,2019-03-14 11:26:46
73,2019-03-14 11:26:46.247976,4,230841,29.0,6,1,T_1,3,-1,T_1,29.0,6,2019-03-14 11:26:44
74,2019-03-14 11:26:46.310760,1,230907,29.0,5,-1,T_3,3,-1,,,,
75,2019-03-14 11:26:46.343086,4,230907,29.0,5,-1,T_3,3,-1,T_3,29.0,5,2019-03-14 11:26:46
76,2019-03-14 11:26:46.343086,4,230841,29.0,5,1,T_1,3,-1,T_1,29.0,5,2019-03-14 11:26:44
77,2019-03-14 11:26:46.406284,1,230908,29.0,5,-1,T_3,3,-1,,,,
78,2019-03-14 11:26:46.436996,4,230908,29.0,3,-1,T_3,3,-1,T_3,29.0,3,2019-03-14 11:26:46
79,2019-03-14 11:26:46.436996,4,230908,29.0,1,-1,T_3,3,-1,T_3,29.0,1,2019-03-14 11:26:46
80,2019-03-14 11:26:46.436996,4,230908,29.0,1,-1,T_3,3,-1,T_3,29.0,1,2019-03-14 11:26:46
81,2019-03-14 11:26:46.436996,4,230841,29.0,3,1,T_1,3,-1,T_1,29.0,3,2019-03-14 11:26:44
82,2019-03-14 11:26:46.436996,4,230851,29.0,1,1,T_1,3,-1,T_1,29.0,3,2019-03-14 11:26:44
83,2019-03-14 11:26:46.436996,4,230855,29.0,1,1,T_1,3,-1,T_1,29.0,3,2019-03-14 11:26:44
84,2019-03-14 11:26:46.621901,1,230909,29.0,4,-1,T_3,3,-1,,,,
85,2019-03-14 11:26:46.854920,4,230909,29.0,1,-1,T_3,3,-1,T_3,29.0,1,2019-03-14 11:26:47
86,2019-03-14 11:26:46.854920,4,230909,29.0,1,-1,T_3,3,-1,T_3,29.0,1,2019-03-14 11:26:47
87,2019-03-14 11:26:46.854920,4,230909,29.0,1,-1,T_3,3,-1,T_3,29.0,1,2019-03-14 11:26:47
88,2019-03-14 11:26:46.854920,4,230909,29.0,1,-1,T_3,3,-1,T_3,29.0,1,2019-03-14 11:26:47
89,2019-03-14 11:26:46.854920,4,230859,29.0,1,1,T_1,3,-1,T_1,29.0,1,2019-03-14 11:26:44
90,2019-03-14 11:26:46.854920,4,230863,29.0,1,1,T_2,3,-1,T_1,29.0,1,2019-03-14 11:26:44
91,2019-03-14 11:26:46.854920,4,230867,29.0,1,1,T_2,3,-1,T_1,29.0,1,2019-03-14 11:26:44
92,2019-03-14 11:26:46.854920,4,230871,29.0,1,1,T_2,3,-1,T_1,29.0,1,2019-03-14 11:26:44
93,2019-03-14 11:26:47.102730,1,230910,29.0,4,-1,T_3,3,-1,,,,
94,2019-03-14 11:26:47.135393,4,230910,29.0,1,-1,T_3,3,-1,T_3,29.0,1,2019-03-14 11:26:47
95,2019-03-14 11:26:47.135393,4,230910,29.0,1,-1,T_3,3,-1,T_3,29.0,1,2019-03-14 11:26:47
96,2019-03-14 11:26:47.135393,4,230910,29.0,1,-1,T_3,3,-1,T_3,29.0,1,2019-03-14 11:26:47
97,2019-03-14 11:26:47.135393,4,230910,29.0,1,-1,T_3,3,-1,T_3,29.0,1,2019-03-14 11:26:47
98,2019-03-14 11:26:47.135393,4,230878,29.0,1,1,T_1,3,-1,T_1,29.0,1,2019-03-14 11:26:45
99,2019-03-14 11:26:47.135393,4,230882,29.0,1,1,T_1,3,-1,T_1,29.0,1,2019-03-14 11:26:45
100,2019-03-14 11:26:47.135393,4,230894,29.0,1,1,T_2,3,-1,T_1,29.0,1,2019-03-14 11:26:45
101,2019-03-14 11:26:47.135393,4,230898,29.0,1,1,T_2,3,-1,T_1,29.0,1,2019-03-14 11:26:45
102,2019-03-14 11:26:47.395950,1,230911,29.791600000000003,1,-1,T_1,3,1,,,,
103,2019-03-14 11:26:47.427856,1,230912,30.1916,1,-1,T_1,3,2,,,,
104,2019-03-14 11:26:47.459667,1,230913,30.6916,1,-1,T_1,3,3,,,,
105,2019-03-14 11:26:47.494896,1,230914,30.9416,1,-1,T_1,3,4,,,,
106,2019-03-14 11:26:47.537315,1,230915,29.791600000000003,1,-1,T_1,3,1,,,,
107,2019-03-14 11:26:47.570858,1,230916,30.1916,1,-1,T_1,3,2,,,,
108,2019-03-14 11:26:47.602873,1,230917,30.6916,1,-1,T_1,3,3,,,,
109,2019-03-14 11:26:47.633387,1,230918,30.9416,1,-1,T_1,3,4,,,,
110,2019-03-14 11:26:47.665314,1,230919,29.791600000000003,1,-1,T_1,3,1,,,,
111,2019-03-14 11:26:47.696393,1,230920,30.1916,1,-1,T_1,3,2,,,,
112,2019-03-14 11:26:47.728062,1,230921,30.6916,1,-1,T_1,3,3,,,,
113,2019-03-14 11:26:47.759192,1,230922,30.9416,1,-1,T_1,3,4,,,,
114,2019-03-14 11:26:47.792780,1,230923,29.791600000000003,1,-1,T_1,3,1,,,,
115,2019-03-14 11:26:47.825048,1,230924,30.1916,1,-1,T_1,3,2,,,,
116,2019-03-14 11:26:47.859085,1,230925,30.6916,1,-1,T_1,3,3,,,,
117,2019-03-14 11:26:47.891163,1,230926,30.9416,1,-1,T_1,3,4,,,,
118,2019-03-14 11:26:47.922899,1,230927,29.1916,1,1,T_1,3,1,,,,
119,2019-03-14 11:26:47.954501,1,230928,28.6916,1,1,T_1,3,2,,,,
120,2019-03-14 11:26:47.988771,1,230929,28.4416,1,1,T_1,3,3,,,,
121,2019-03-14 11:26:48.025029,1,230930,28.1916,1,1,T_1,3,4,,,,
122,2019-03-14 11:26:48.057529,1,230931,29.791600000000003,1,-1,T_2,3,1,,,,
123,2019-03-14 11:26:48.090137,1,230932,30.1916,1,-1,T_2,3,2,,,,
124,2019-03-14 11:26:48.121104,1,230933,30.6916,1,-1,T_2,3,3,,,,
125,2019-03-14 11:26:48.152701,1,230934,30.9416,1,-1,T_2,3,4,,,,
126,2019-03-14 11:26:48.188619,1,230935,29.1916,1,1,T_2,3,1,,,,
127,2019-03-14 11:26:48.219698,1,230936,28.6916,1,1,T_2,3,2,,,,
128,2019-03-14 11:26:48.255026,1,230937,28.4416,1,1,T_2,3,3,,,,
129,2019-03-14 11:26:48.285522,1,230938,28.1916,1,1,T_2,3,4,,,,
130,2019-03-14 11:26:48.317825,1,230939,29.791600000000003,1,-1,T_2,3,1,,,,
131,2019-03-14 11:26:48.351587,1,230940,30.1916,1,-1,T_2,3,2,,,,
132,2019-03-14 11:26:48.385595,1,230941,30.6916,1,-1,T_2,3,3,,,,
133,2019-03-14 11:26:48.418505,1,230942,30.9416,1,-1,T_2,3,4,,,,
134,2019-03-14 11:26:48.455047,1,230943,29.1916,1,1,T_2,3,1,,,,
135,2019-03-14 11:26:48.488907,1,230944,28.6916,1,1,T_2,3,2,,,,
136,2019-03-14 11:26:48.521206,1,230945,28.4416,1,1,T_2,3,3,,,,
137,2019-03-14 11:26:48.554784,1,230946,28.1916,1,1,T_2,3,4,,,,
138,2019-03-14 11:26:48.587942,1,230947,29.1916,1,1,T_2,3,1,,,,
139,2019-03-14 11:26:48.621794,1,230948,28.6916,1,1,T_2,3,2,,,,
140,2019-03-14 11:26:48.654209,1,230949,28.4416,1,1,T_2,3,3,,,,
141,2019-03-14 11:26:48.687174,1,230950,28.1916,1,1,T_2,3,4,,,,
142,2019-03-14 11:26:48.723403,1,230951,29.0,4,-1,T_3,3,-1,,,,
143,2019-03-14 11:26:48.753512,4,230951,29.0,4,-1,T_3,3,-1,T_3,29.0,4,2019-03-14 11:26:49
144,2019-03-14 11:26:48.753512,4,230842,29.0,4,1,T_1,3,-1,T_1,29.0,4,2019-03-14 11:26:44
145,2019-03-14 11:26:48.818473,1,230952,29.0,3,-1,T_3,3,-1,,,,
146,2019-03-14 11:26:49.052070,4,230952,29.0,3,-1,T_3,3,-1,T_3,29.0,3,2019-03-14 11:26:49
147,2019-03-14 11:26:49.052070,4,230842,29.0,3,1,T_1,3,-1,T_1,29.0,3,2019-03-14 11:26:44
148,2019-03-14 11:26:49.117642,1,230953,29.0,3,-1,T_3,3,-1,,,,
149,2019-03-14 11:26:49.147770,4,230953,29.0,3,-1,T_3,3,-1,T_3,29.0,3,2019-03-14 11:26:49
150,2019-03-14 11:26:49.147770,4,230842,29.0,3,1,T_1,3,-1,T_1,29.0,3,2019-03-14 11:26:44
151,2019-03-14 11:26:49.210482,1,230954,29.0,3,-1,T_3,3,-1,,,,
152,2019-03-14 11:26:49.240685,4,230954,29.0,3,-1,T_3,3,-1,T_3,29.0,3,2019-03-14 11:26:49
153,2019-03-14 11:26:49.240685,4,230842,29.0,3,1,T_1,3,-1,T_1,29.0,3,2019-03-14 11:26:44
154,2019-03-14 11:26:49.317935,1,230955,29.1916,1,1,T_1,3,1,,,,
155,2019-03-14 11:26:49.357165,1,230956,28.6916,1,1,T_1,3,2,,,,
156,2019-03-14 11:26:49.389543,1,230957,28.4416,1,1,T_1,3,3,,,,
157,2019-03-14 11:26:49.420830,1,230958,28.1916,1,1,T_1,3,4,,,,
158,2019-03-14 11:26:49.454795,1,230959,29.791600000000003,1,-1,T_1,3,1,,,,
159,2019-03-14 11:26:49.487010,1,230960,30.1916,1,-1,T_1,3,2,,,,
160,2019-03-14 11:26:49.523006,1,230961,30.6916,1,-1,T_1,3,3,,,,
161,2019-03-14 11:26:49.557006,1,230962,30.9416,1,-1,T_1,3,4,,,,
162,2019-03-14 11:26:49.590399,1,230963,29.791600000000003,1,-1,T_1,3,1,,,,
163,2019-03-14 11:26:49.621486,1,230964,30.1916,1,-1,T_1,3,2,,,,
164,2019-03-14 11:26:49.653045,1,230965,30.6916,1,-1,T_1,3,3,,,,
165,2019-03-14 11:26:49.684498,1,230966,30.9416,1,-1,T_1,3,4,,,,
166,2019-03-14 11:26:49.718819,1,230967,29.791600000000003,1,-1,T_1,3,1,,,,
167,2019-03-14 11:26:49.752129,1,230968,30.1916,1,-1,T_1,3,2,,,,
168,2019-03-14 11:26:49.784396,1,230969,30.6916,1,-1,T_1,3,3,,,,
169,2019-03-14 11:26:49.815862,1,230970,30.9416,1,-1,T_1,3,4,,,,
170,2019-03-14 11:26:49.850789,1,230971,29.791600000000003,1,-1,T_2,3,1,,,,
171,2019-03-14 11:26:49.882296,1,230972,30.1916,1,-1,T_2,3,2,,,,
172,2019-03-14 11:26:49.913795,1,230973,30.6916,1,-1,T_2,3,3,,,,
173,2019-03-14 11:26:49.945160,1,230974,30.9416,1,-1,T_2,3,4,,,,
174,2019-03-14 11:26:49.981894,1,230975,29.791600000000003,1,-1,T_2,3,1,,,,
175,2019-03-14 11:26:50.014468,1,230976,30.1916,1,-1,T_2,3,2,,,,
176,2019-03-14 11:26:50.047624,1,230977,30.6916,1,-1,T_2,3,3,,,,
177,2019-03-14 11:26:50.080204,1,230978,30.9416,1,-1,T_2,3,4,,,,
178,2019-03-14 11:26:50.114029,1,230979,29.0,3,-1,T_3,3,-1,,,,
179,2019-03-14 11:26:50.143431,4,230979,29.0,3,-1,T_3,3,-1,T_3,29.0,3,2019-03-14 11:26:50
180,2019-03-14 11:26:50.143431,4,230842,29.0,3,1,T_1,3,-1,T_1,29.0,3,2019-03-14 11:26:44
181,2019-03-14 11:26:50.209990,1,230980,29.0,2,-1,T_3,3,-1,,,,
182,2019-03-14 11:26:50.240054,4,230980,29.0,2,-1,T_3,3,-1,T_3,29.0,2,2019-03-14 11:26:50
183,2019-03-14 11:26:50.240054,4,230842,29.0,2,1,T_1,3,-1,T_1,29.0,2,2019-03-14 11:26:44
184,2019-03-14 11:26:50.308221,1,230981,29.0,2,-1,T_3,3,-1,,,,
185,2019-03-14 11:26:50.338853,4,230981,29.0,2,-1,T_3,3,-1,T_3,29.0,2,2019-03-14 11:26:50
186,2019-03-14 11:26:50.338853,4,230842,29.0,2,1,T_1,3,-1,T_1,29.0,2,2019-03-14 11:26:44
187,2019-03-14 11:26:50.404637,1,230982,29.0,2,-1,T_3,3,-1,,,,
188,2019-03-14 11:26:50.436029,4,230982,29.0,2,-1,T_3,3,-1,T_3,29.0,2,2019-03-14 11:26:50
189,2019-03-14 11:26:50.436029,4,230842,29.0,2,1,T_1,3,-1,T_1,29.0,2,2019-03-14 11:26:44
190,2019-03-14 11:26:50.512149,1,230983,29.791600000000003,1,-1,T_1,3,1,,,,
191,2019-03-14 11:26:50.544836,1,230984,30.1916,1,-1,T_1,3,2,,,,
192,2019-03-14 11:26:50.577019,1,230985,30.6916,1,-1,T_1,3,3,,,,
193,2019-03-14 11:26:50.608613,1,230986,30.9416,1,-1,T_1,3,4,,,,
194,2019-03-14 11:26:50.642571,1,230987,29.791600000000003,1,-1,T_1,3,1,,,,
195,2019-03-14 11:26:50.674575,1,230988,30.1916,1,-1,T_1,3,2,,,,
196,2019-03-14 11:26:50.706453,1,230989,30.6916,1,-1,T_1,3,3,,,,
197,2019-03-14 11:26:50.739304,1,230990,30.9416,1,-1,T_1,3,4,,,,
198,2019-03-14 11:26:50.772685,1,230991,29.1916,1,1,T_1,3,1,,,,
199,2019-03-14 11:26:50.805980,1,230992,28.6916,1,1,T_1,3,2,,,,
200,2019-03-14 11:26:50.837380,1,230993,28.4416,1,1,T_1,3,3,,,,
201,2019-03-14 11:26:50.884929,1,230994,28.1916,1,1,T_1,3,4,,,,
202,2019-03-14 11:26:50.921104,1,230995,29.791600000000003,1,-1,T_2,3,1,,,,
203,2019-03-14 11:26:50.954512,1,230996,30.1916,1,-1,T_2,3,2,,,,
204,2019-03-14 11:26:50.986260,1,230997,30.6916,1,-1,T_2,3,3,,,,
205,2019-03-14 11:26:51.017553,1,230998,30.9416,1,-1,T_2,3,4,,,,
206,2019-03-14 11:26:51.049839,1,230999,29.1916,1,1,T_2,3,1,,,,
207,2019-03-14 11:26:51.083602,1,231000,28.6916,1,1,T_2,3,2,,,,
208,2019-03-14 11:26:51.118977,1,231001,28.4416,1,1,T_2,3,3,,,,
209,2019-03-14 11:26:51.155211,1,231002,28.1916,1,1,T_2,3,4,,,,
210,2019-03-14 11:26:51.188228,1,231003,29.1916,1,1,T_2,3,1,,,,
211,2019-03-14 11:26:51.219471,1,231004,28.6916,1,1,T_2,3,2,,,,
212,2019-03-14 11:26:51.250392,1,231005,28.4416,1,1,T_2,3,3,,,,
213,2019-03-14 11:26:51.280978,1,231006,28.1916,1,1,T_2,3,4,,,,
214,2019-03-14 11:26:51.315867,1,231007,29.791600000000003,1,-1,T_2,3,1,,,,
215,2019-03-14 11:26:51.351307,1,231008,30.1916,1,-1,T_2,3,2,,,,
216,2019-03-14 11:26:51.385224,1,231009,30.6916,1,-1,T_2,3,3,,,,
217,2019-03-14 11:26:51.420366,1,231010,30.9416,1,-1,T_2,3,4,,,,
218,2019-03-14 11:26:51.453420,1,231011,29.1916,1,1,T_2,3,1,,,,
219,2019-03-14 11:26:51.485385,1,231012,28.6916,1,1,T_2,3,2,,,,
220,2019-03-14 11:26:51.516807,1,231013,28.4416,1,1,T_2,3,3,,,,
221,2019-03-14 11:26:51.549181,1,231014,28.1916,1,1,T_2,3,4,,,,
222,2019-03-14 11:26:51.582893,1,231015,29.0,2,-1,T_3,3,-1,,,,
223,2019-03-14 11:26:51.614428,4,231015,29.0,2,-1,T_3,3,-1,T_3,29.0,2,2019-03-14 11:26:52
224,2019-03-14 11:26:51.614428,4,230842,29.0,2,1,T_1,3,-1,T_1,29.0,2,2019-03-14 11:26:44
225,2019-03-14 11:26:51.682946,1,231016,29.0,2,-1,T_3,3,-1,,,,
226,2019-03-14 11:26:51.712901,4,231016,29.0,2,-1,T_3,3,-1,T_3,29.0,2,2019-03-14 11:26:52
227,2019-03-14 11:26:51.712901,4,230842,29.0,2,1,T_1,3,-1,T_1,29.0,2,2019-03-14 11:26:44
228,2019-03-14 11:26:51.779022,1,231017,29.0,2,-1,T_3,3,-1,,,,
229,2019-03-14 11:26:51.810781,4,231017,29.0,2,-1,T_3,3,-1,T_3,29.0,2,2019-03-14 11:26:52
230,2019-03-14 11:26:51.810781,4,230842,29.0,2,1,T_1,3,-1,T_1,29.0,2,2019-03-14 11:26:44
231,2019-03-14 11:26:51.884237,1,231018,29.791600000000003,1,-1,T_1,3,1,,,,
232,2019-03-14 11:26:51.916562,1,231019,30.1916,1,-1,T_1,3,2,,,,
233,2019-03-14 11:26:51.948830,1,231020,30.6916,1,-1,T_1,3,3,,,,
234,2019-03-14 11:26:51.980500,1,231021,30.9416,1,-1,T_1,3,4,,,,
235,2019-03-14 11:26:52.014265,1,231022,29.1916,1,1,T_1,3,1,,,,
236,2019-03-14 11:26:52.045558,1,231023,28.6916,1,1,T_1,3,2,,,,
237,2019-03-14 11:26:52.077366,1,231024,28.4416,1,1,T_1,3,3,,,,
238,2019-03-14 11:26:52.109555,1,231025,28.1916,1,1,T_1,3,4,,,,
239,2019-03-14 11:26:52.146881,1,231026,29.791600000000003,1,-1,T_2,3,1,,,,
240,2019-03-14 11:26:52.183266,1,231027,30.1916,1,-1,T_2,3,2,,,,
241,2019-03-14 11:26:52.214501,1,231028,30.6916,1,-1,T_2,3,3,,,,
242,2019-03-14 11:26:52.246727,1,231029,30.9416,1,-1,T_2,3,4,,,,
243,2019-03-14 11:26:52.281703,1,231030,29.1916,1,1,T_2,3,1,,,,
244,2019-03-14 11:26:52.317596,1,231031,28.6916,1,1,T_2,3,2,,,,
245,2019-03-14 11:26:52.349800,1,231032,28.4416,1,1,T_2,3,3,,,,
246,2019-03-14 11:26:52.381243,1,231033,28.1916,1,1,T_2,3,4,,,,
247,2019-03-14 11:26:52.414778,1,231034,29.1916,1,1,T_2,3,1,,,,
248,2019-03-14 11:26:52.446677,1,231035,28.6916,1,1,T_2,3,2,,,,
249,2019-03-14 11:26:52.484061,1,231036,28.4416,1,1,T_2,3,3,,,,
250,2019-03-14 11:26:52.517695,1,231037,28.1916,1,1,T_2,3,4,,,,
251,2019-03-14 11:26:52.552532,1,231038,29.791600000000003,1,-1,T_2,3,1,,,,
252,2019-03-14 11:26:52.585565,1,231039,30.1916,1,-1,T_2,3,2,,,,
253,2019-03-14 11:26:52.617034,1,231040,30.6916,1,-1,T_2,3,3,,,,
254,2019-03-14 11:26:52.651229,1,231041,30.9416,1,-1,T_2,3,4,,,,
255,2019-03-14 11:26:52.684748,1,231042,29.0,2,-1,T_3,3,-1,,,,
256,2019-03-14 11:26:52.715055,4,231042,29.0,1,-1,T_3,3,-1,T_3,29.0,1,2019-03-14 11:26:53
257,2019-03-14 11:26:52.715055,4,231042,29.0,1,-1,T_3,3,-1,T_3,29.0,1,2019-03-14 11:26:53
258,2019-03-14 11:26:52.715055,4,230852,29.0,1,1,T_1,3,-1,T_1,29.0,1,2019-03-14 11:26:44
259,2019-03-14 11:26:52.715055,4,230856,29.0,1,1,T_1,3,-1,T_1,29.0,1,2019-03-14 11:26:44
260,2019-03-14 11:26:52.843947,1,231043,29.0,2,-1,T_3,3,-1,,,,
261,2019-03-14 11:26:52.873888,4,231043,29.0,1,-1,T_3,3,-1,T_3,29.0,1,2019-03-14 11:26:53
262,2019-03-14 11:26:52.873888,4,231043,29.0,1,-1,T_3,3,-1,T_3,29.0,1,2019-03-14 11:26:53
263,2019-03-14 11:26:52.873888,4,230860,29.0,1,1,T_1,3,-1,T_1,29.0,1,2019-03-14 11:26:44
264,2019-03-14 11:26:52.873888,4,230864,29.0,1,1,T_2,3,-1,T_1,29.0,1,2019-03-14 11:26:44
265,2019-03-14 11:26:53.005265,1,231044,29.0,1,-1,T_3,3,-1,,,,
266,2019-03-14 11:26:53.036763,4,231044,29.0,1,-1,T_3,3,-1,T_3,29.0,1,2019-03-14 11:26:53
267,2019-03-14 11:26:53.036763,4,230868,29.0,1,1,T_2,3,-1,T_2,29.0,1,2019-03-14 11:26:45
268,2019-03-14 11:26:53.110923,1,231045,29.1916,1,1,T_1,3,1,,,,
269,2019-03-14 11:26:53.143948,1,231046,28.6916,1,1,T_1,3,2,,,,
270,2019-03-14 11:26:53.175987,1,231047,28.4416,1,1,T_1,3,3,,,,
271,2019-03-14 11:26:53.211735,1,231048,28.1916,1,1,T_1,3,4,,,,
272,2019-03-14 11:26:53.246802,1,231049,29.791600000000003,1,-1,T_1,3,1,,,,
273,2019-03-14 11:26:53.278141,1,231050,30.1916,1,-1,T_1,3,2,,,,
274,2019-03-14 11:26:53.310927,1,231051,30.6916,1,-1,T_1,3,3,,,,
275,2019-03-14 11:26:53.343491,1,231052,30.9416,1,-1,T_1,3,4,,,,
276,2019-03-14 11:26:53.378763,1,231053,29.1916,1,1,T_1,3,1,,,,
277,2019-03-14 11:26:53.411005,1,231054,28.6916,1,1,T_1,3,2,,,,
278,2019-03-14 11:26:53.444381,1,231055,28.4416,1,1,T_1,3,3,,,,
279,2019-03-14 11:26:53.476664,1,231056,28.1916,1,1,T_1,3,4,,,,
280,2019-03-14 11:26:53.510800,1,231057,29.1916,1,1,T_1,3,1,,,,
281,2019-03-14 11:26:53.542539,1,231058,28.6916,1,1,T_1,3,2,,,,
282,2019-03-14 11:26:53.574043,1,231059,28.4416,1,1,T_1,3,3,,,,
283,2019-03-14 11:26:53.605811,1,231060,28.1916,1,1,T_1,3,4,,,,
284,2019-03-14 11:26:53.640676,1,231061,29.791600000000003,1,-1,T_2,3,1,,,,
285,2019-03-14 11:26:53.673551,1,231062,30.1916,1,-1,T_2,3,2,,,,
286,2019-03-14 11:26:53.707846,1,231063,30.6916,1,-1,T_2,3,3,,,,
287,2019-03-14 11:26:53.740635,1,231064,30.9416,1,-1,T_2,3,4,,,,
288,2019-03-14 11:26:53.774346,1,231065,29.791600000000003,1,-1,T_2,3,1,,,,
289,2019-03-14 11:26:53.806753,1,231066,30.1916,1,-1,T_2,3,2,,,,
290,2019-03-14 11:26:53.840929,1,231067,30.6916,1,-1,T_2,3,3,,,,
291,2019-03-14 11:26:53.874478,1,231068,30.9416,1,-1,T_2,3,4,,,,
292,2019-03-14 11:26:53.910752,1,231069,29.1916,1,1,T_2,3,1,,,,
293,2019-03-14 11:26:53.942164,1,231070,28.6916,1,1,T_2,3,2,,,,
294,2019-03-14 11:26:53.974185,1,231071,28.4416,1,1,T_2,3,3,,,,
295,2019-03-14 11:26:54.006950,1,231072,28.1916,1,1,T_2,3,4,,,,
296,2019-03-14 11:26:54.042679,1,231073,29.791600000000003,1,-1,T_2,3,1,,,,
297,2019-03-14 11:26:54.074822,1,231074,30.1916,1,-1,T_2,3,2,,,,
298,2019-03-14 11:26:54.109910,1,231075,30.6916,1,-1,T_2,3,3,,,,
299,2019-03-14 11:26:54.143146,1,231076,30.9416,1,-1,T_2,3,4,,,,
300,2019-03-14 11:26:54.177235,1,231077,29.0,2,-1,T_3,3,-1,,,,
301,2019-03-14 11:26:54.207050,4,231077,29.0,1,-1,T_3,3,-1,T_3,29.0,1,2019-03-14 11:26:54
302,2019-03-14 11:26:54.207050,4,231077,29.0,1,-1,T_3,3,-1,T_3,29.0,1,2019-03-14 11:26:54
303,2019-03-14 11:26:54.207050,4,230872,29.0,1,1,T_2,3,-1,T_2,29.0,1,2019-03-14 11:26:45
304,2019-03-14 11:26:54.207050,4,230879,29.0,1,1,T_1,3,-1,T_2,29.0,1,2019-03-14 11:26:45
305,2019-03-14 11:26:54.340981,1,231078,29.0,1,-1,T_3,3,-1,,,,
306,2019-03-14 11:26:54.382716,4,231078,29.0,1,-1,T_3,3,-1,T_3,29.0,1,2019-03-14 11:26:54
307,2019-03-14 11:26:54.382716,4,230883,29.0,1,1,T_1,3,-1,T_1,29.0,1,2019-03-14 11:26:45
308,2019-03-14 11:26:54.452895,1,231079,29.0,1,-1,T_3,3,-1,,,,
309,2019-03-14 11:26:54.483974,4,231079,29.0,1,-1,T_3,3,-1,T_3,29.0,1,2019-03-14 11:26:54
310,2019-03-14 11:26:54.483974,4,230895,29.0,1,1,T_2,3,-1,T_2,29.0,1,2019-03-14 11:26:46
311,2019-03-14 11:26:54.553974,1,231080,29.0,1,-1,T_3,3,-1,,,,
312,2019-03-14 11:26:54.583946,4,231080,29.0,1,-1,T_3,3,-1,T_3,29.0,1,2019-03-14 11:26:55
313,2019-03-14 11:26:54.583946,4,230899,29.0,1,1,T_2,3,-1,T_2,29.0,1,2019-03-14 11:26:46
314,2019-03-14 11:26:54.658209,1,231081,29.791600000000003,1,-1,T_1,3,1,,,,
315,2019-03-14 11:26:54.690181,1,231082,30.1916,1,-1,T_1,3,2,,,,
316,2019-03-14 11:26:54.724623,1,231083,30.6916,1,-1,T_1,3,3,,,,
317,2019-03-14 11:26:54.757386,1,231084,30.9416,1,-1,T_1,3,4,,,,
318,2019-03-14 11:26:54.793050,1,231085,29.1916,1,1,T_1,3,1,,,,
319,2019-03-14 11:26:54.826583,1,231086,28.6916,1,1,T_1,3,2,,,,
320,2019-03-14 11:26:54.863469,1,231087,28.4416,1,1,T_1,3,3,,,,
321,2019-03-14 11:26:54.902371,1,231088,28.1916,1,1,T_1,3,4,,,,
322,2019-03-14 11:26:54.939309,1,231089,29.791600000000003,1,-1,T_1,3,1,,,,
323,2019-03-14 11:26:55.174004,1,231090,30.1916,1,-1,T_1,3,2,,,,
324,2019-03-14 11:26:55.208950,1,231091,30.6916,1,-1,T_1,3,3,,,,
325,2019-03-14 11:26:55.242038,1,231092,30.9416,1,-1,T_1,3,4,,,,
326,2019-03-14 11:26:55.281489,1,231093,29.791600000000003,1,-1,T_2,3,1,,,,
327,2019-03-14 11:26:55.315695,1,231094,30.1916,1,-1,T_2,3,2,,,,
328,2019-03-14 11:26:55.349344,1,231095,30.6916,1,-1,T_2,3,3,,,,
329,2019-03-14 11:26:55.382156,1,231096,30.9416,1,-1,T_2,3,4,,,,
330,2019-03-14 11:26:55.418419,1,231097,29.791600000000003,1,-1,T_2,3,1,,,,
331,2019-03-14 11:26:55.456917,1,231098,30.1916,1,-1,T_2,3,2,,,,
332,2019-03-14 11:26:55.489237,1,231099,30.6916,1,-1,T_2,3,3,,,,
333,2019-03-14 11:26:55.522353,1,231100,30.9416,1,-1,T_2,3,4,,,,
334,2019-03-14 11:26:55.558160,1,231101,29.1916,1,1,T_2,3,1,,,,
335,2019-03-14 11:26:55.590122,1,231102,28.6916,1,1,T_2,3,2,,,,
336,2019-03-14 11:26:55.622605,1,231103,28.4416,1,1,T_2,3,3,,,,
337,2019-03-14 11:26:55.657382,1,231104,28.1916,1,1,T_2,3,4,,,,
338,2019-03-14 11:26:55.692767,1,231105,29.791600000000003,1,-1,T_2,3,1,,,,
339,2019-03-14 11:26:55.725484,1,231106,30.1916,1,-1,T_2,3,2,,,,
340,2019-03-14 11:26:55.758479,1,231107,30.6916,1,-1,T_2,3,3,,,,
341,2019-03-14 11:26:55.790625,1,231108,30.9416,1,-1,T_2,3,4,,,,
342,2019-03-14 11:26:55.824874,1,231109,29.1916,1,1,T_2,3,1,,,,
343,2019-03-14 11:26:55.857065,1,231110,28.6916,1,1,T_2,3,2,,,,
344,2019-03-14 11:26:55.889842,1,231111,28.4416,1,1,T_2,3,3,,,,
345,2019-03-14 11:26:55.922849,1,231112,28.1916,1,1,T_2,3,4,,,,
346,2019-03-14 11:26:55.959482,1,231113,29.0,1,-1,T_3,3,-1,,,,
347,2019-03-14 11:26:55.989953,4,231113,29.0,1,-1,T_3,3,-1,T_3,29.0,1,2019-03-14 11:26:56
348,2019-03-14 11:26:55.989953,4,230927,29.0,1,1,T_1,3,-1,T_1,29.0,1,2019-03-14 11:26:48
349,2019-03-14 11:26:56.056947,1,231114,29.0,1,-1,T_3,3,-1,,,,
350,2019-03-14 11:26:56.087755,4,231114,29.0,1,-1,T_3,3,-1,T_3,29.0,1,2019-03-14 11:26:56
351,2019-03-14 11:26:56.087755,4,230935,29.0,1,1,T_2,3,-1,T_2,29.0,1,2019-03-14 11:26:48
352,2019-03-14 11:26:56.161445,1,231115,29.0,1,-1,T_3,3,-1,,,,
353,2019-03-14 11:26:56.192742,4,231115,29.0,1,-1,T_3,3,-1,T_3,29.0,1,2019-03-14 11:26:56
354,2019-03-14 11:26:56.192742,4,230943,29.0,1,1,T_2,3,-1,T_2,29.0,1,2019-03-14 11:26:48
355,2019-03-14 11:26:56.259287,1,231116,29.0,1,-1,T_3,3,-1,,,,
356,2019-03-14 11:26:56.289596,4,231116,29.0,1,-1,T_3,3,-1,T_3,29.0,1,2019-03-14 11:26:56
357,2019-03-14 11:26:56.289596,4,230947,29.0,1,1,T_2,3,-1,T_2,29.0,1,2019-03-14 11:26:49
358,2019-03-14 11:26:56.369050,1,231117,29.1916,1,1,T_1,3,1,,,,
359,2019-03-14 11:26:56.413662,1,231118,28.6916,1,1,T_1,3,2,,,,
360,2019-03-14 11:26:56.446188,1,231119,28.4416,1,1,T_1,3,3,,,,
361,2019-03-14 11:26:56.478260,1,231120,28.1916,1,1,T_1,3,4,,,,
362,2019-03-14 11:26:56.513227,1,231121,29.1916,1,1,T_1,3,1,,,,
363,2019-03-14 11:26:56.547249,1,231122,28.6916,1,1,T_1,3,2,,,,
364,2019-03-14 11:26:56.579522,1,231123,28.4416,1,1,T_1,3,3,,,,
365,2019-03-14 11:26:56.613200,1,231124,28.1916,1,1,T_1,3,4,,,,
366,2019-03-14 11:26:56.648881,1,231125,29.1916,1,1,T_1,3,1,,,,
367,2019-03-14 11:26:56.684726,1,231126,28.6916,1,1,T_1,3,2,,,,
368,2019-03-14 11:26:56.716925,1,231127,28.4416,1,1,T_1,3,3,,,,
369,2019-03-14 11:26:56.757310,1,231128,28.1916,1,1,T_1,3,4,,,,
370,2019-03-14 11:26:56.792672,1,231129,29.1916,1,1,T_1,3,1,,,,
371,2019-03-14 11:26:56.826301,1,231130,28.6916,1,1,T_1,3,2,,,,
372,2019-03-14 11:26:56.860663,1,231131,28.4416,1,1,T_1,3,3,,,,
373,2019-03-14 11:26:56.893336,1,231132,28.1916,1,1,T_1,3,4,,,,
374,2019-03-14 11:26:56.928218,1,231133,29.1916,1,1,T_2,3,1,,,,
375,2019-03-14 11:26:56.960606,1,231134,28.6916,1,1,T_2,3,2,,,,
376,2019-03-14 11:26:56.993519,1,231135,28.4416,1,1,T_2,3,3,,,,
377,2019-03-14 11:26:57.027215,1,231136,28.1916,1,1,T_2,3,4,,,,
378,2019-03-14 11:26:57.063528,1,231137,29.791600000000003,1,-1,T_2,3,1,,,,
379,2019-03-14 11:26:57.095970,1,231138,30.1916,1,-1,T_2,3,2,,,,
380,2019-03-14 11:26:57.131406,1,231139,30.6916,1,-1,T_2,3,3,,,,
381,2019-03-14 11:26:57.164800,1,231140,30.9416,1,-1,T_2,3,4,,,,
382,2019-03-14 11:26:57.206120,1,231141,29.0,2,-1,T_3,3,-1,,,,
383,2019-03-14 11:26:57.240974,4,231141,29.0,1,-1,T_3,3,-1,T_3,29.0,1,2019-03-14 11:26:57
384,2019-03-14 11:26:57.240974,4,231141,29.0,1,-1,T_3,3,-1,T_3,29.0,1,2019-03-14 11:26:57
385,2019-03-14 11:26:57.240974,4,230955,29.0,1,1,T_1,3,-1,T_1,29.0,1,2019-03-14 11:26:49
386,2019-03-14 11:26:57.240974,4,230991,29.0,1,1,T_1,3,-1,T_1,29.0,1,2019-03-14 11:26:49
387,2019-03-14 11:26:57.379774,1,231142,29.0,1,-1,T_3,3,-1,,,,
388,2019-03-14 11:26:57.409260,4,231142,29.0,1,-1,T_3,3,-1,T_3,29.0,1,2019-03-14 11:26:57
389,2019-03-14 11:26:57.409260,4,230999,29.0,1,1,T_2,3,-1,T_2,29.0,1,2019-03-14 11:26:51
390,2019-03-14 11:26:57.485825,1,231143,29.0,1,-1,T_3,3,-1,,,,
391,2019-03-14 11:26:57.517401,4,231143,29.0,1,-1,T_3,3,-1,T_3,29.0,1,2019-03-14 11:26:57
392,2019-03-14 11:26:57.517401,4,231003,29.0,1,1,T_2,3,-1,T_2,29.0,1,2019-03-14 11:26:51
393,2019-03-14 11:26:57.590579,1,231144,29.0,1,-1,T_3,3,-1,,,,
394,2019-03-14 11:26:57.621852,4,231144,29.0,1,-1,T_3,3,-1,T_3,29.0,1,2019-03-14 11:26:58
395,2019-03-14 11:26:57.621852,4,231011,29.0,1,1,T_2,3,-1,T_2,29.0,1,2019-03-14 11:26:51
396,2019-03-14 11:26:57.695442,1,231145,29.0,1,-1,T_3,3,-1,,,,
397,2019-03-14 11:26:57.725558,4,231145,29.0,1,-1,T_3,3,-1,T_3,29.0,1,2019-03-14 11:26:58
398,2019-03-14 11:26:57.725558,4,231022,29.0,1,1,T_1,3,-1,T_1,29.0,1,2019-03-14 11:26:52
399,2019-03-14 11:26:57.801650,1,231146,29.1916,1,1,T_1,3,1,,,,
400,2019-03-14 11:26:57.834604,1,231147,28.6916,1,1,T_1,3,2,,,,
401,2019-03-14 11:26:57.869673,1,231148,28.4416,1,1,T_1,3,3,,,,
402,2019-03-14 11:26:57.901528,1,231149,28.1916,1,1,T_1,3,4,,,,
403,2019-03-14 11:26:57.936672,1,231150,29.1916,1,1,T_1,3,1,,,,
404,2019-03-14 11:26:57.968751,1,231151,28.6916,1,1,T_1,3,2,,,,
405,2019-03-14 11:26:58.002656,1,231152,28.4416,1,1,T_1,3,3,,,,
406,2019-03-14 11:26:58.045176,1,231153,28.1916,1,1,T_1,3,4,,,,
407,2019-03-14 11:26:58.080119,1,231154,29.1916,1,1,T_1,3,1,,,,
408,2019-03-14 11:26:58.114570,1,231155,28.6916,1,1,T_1,3,2,,,,
409,2019-03-14 11:26:58.148627,1,231156,28.4416,1,1,T_1,3,3,,,,
410,2019-03-14 11:26:58.181237,1,231157,28.1916,1,1,T_1,3,4,,,,
411,2019-03-14 11:26:58.218205,1,231158,29.1916,1,1,T_1,3,1,,,,
412,2019-03-14 11:26:58.251554,1,231159,28.6916,1,1,T_1,3,2,,,,
413,2019-03-14 11:26:58.284192,1,231160,28.4416,1,1,T_1,3,3,,,,
414,2019-03-14 11:26:58.319198,1,231161,28.1916,1,1,T_1,3,4,,,,
415,2019-03-14 11:26:58.360307,1,231162,29.1916,1,1,T_2,3,1,,,,
416,2019-03-14 11:26:58.393590,1,231163,28.6916,1,1,T_2,3,2,,,,
417,2019-03-14 11:26:58.426808,1,231164,28.4416,1,1,T_2,3,3,,,,
418,2019-03-14 11:26:58.462394,1,231165,28.1916,1,1,T_2,3,4,,,,
419,2019-03-14 11:26:58.497143,1,231166,29.791600000000003,1,-1,T_2,3,1,,,,
420,2019-03-14 11:26:58.530486,1,231167,30.1916,1,-1,T_2,3,2,,,,
421,2019-03-14 11:26:58.563643,1,231168,30.6916,1,-1,T_2,3,3,,,,
422,2019-03-14 11:26:58.595516,1,231169,30.9416,1,-1,T_2,3,4,,,,
423,2019-03-14 11:26:58.636252,1,231170,29.1916,1,1,T_2,3,1,,,,
424,2019-03-14 11:26:58.676014,1,231171,28.6916,1,1,T_2,3,2,,,,
425,2019-03-14 11:26:58.708765,1,231172,28.4416,1,1,T_2,3,3,,,,
426,2019-03-14 11:26:58.743182,1,231173,28.1916,1,1,T_2,3,4,,,,
427,2019-03-14 11:26:58.778650,1,231174,29.791600000000003,1,-1,T_2,3,1,,,,
428,2019-03-14 11:26:58.811145,1,231175,30.1916,1,-1,T_2,3,2,,,,
429,2019-03-14 11:26:58.844644,1,231176,30.6916,1,-1,T_2,3,3,,,,
430,2019-03-14 11:26:58.879046,1,231177,30.9416,1,-1,T_2,3,4,,,,
431,2019-03-14 11:26:58.915302,1,231178,29.0,2,-1,T_3,3,-1,,,,
432,2019-03-14 11:26:58.945819,4,231178,29.0,1,-1,T_3,3,-1,T_3,29.0,1,2019-03-14 11:26:59
433,2019-03-14 11:26:58.945819,4,231178,29.0,1,-1,T_3,3,-1,T_3,29.0,1,2019-03-14 11:26:59
434,2019-03-14 11:26:58.945819,4,231030,29.0,1,1,T_2,3,-1,T_2,29.0,1,2019-03-14 11:26:52
435,2019-03-14 11:26:58.945819,4,231034,29.0,1,1,T_2,3,-1,T_2,29.0,1,2019-03-14 11:26:52
436,2019-03-14 11:26:59.083358,1,231179,29.0,13,1,T_3,3,2,,,,
437,2019-03-14 11:26:59.121057,1,231180,29.0,3,-1,T_3,3,-1,,,,
438,2019-03-14 11:26:59.151761,4,231180,29.0,1,-1,T_3,3,-1,T_3,29.0,1,2019-03-14 11:26:59
439,2019-03-14 11:26:59.151761,4,231180,29.0,1,-1,T_3,3,-1,T_3,29.0,1,2019-03-14 11:26:59
440,2019-03-14 11:26:59.151761,4,231180,29.0,1,-1,T_3,3,-1,T_3,29.0,1,2019-03-14 11:26:59
441,2019-03-14 11:26:59.151761,4,231045,29.0,1,1,T_1,3,2,T_1,29.0,1,2019-03-14 11:26:53
442,2019-03-14 11:26:59.151761,4,231053,29.0,1,1,T_1,3,2,T_1,29.0,1,2019-03-14 11:26:53
443,2019-03-14 11:26:59.151761,4,231057,29.0,1,1,T_1,3,2,T_1,29.0,1,2019-03-14 11:26:53
444,2019-03-14 11:26:59.352021,1,231181,29.0,2,-1,T_3,3,-1,,,,
445,2019-03-14 11:26:59.385662,4,231181,29.0,1,-1,T_3,3,-1,T_3,29.0,1,2019-03-14 11:26:59
446,2019-03-14 11:26:59.385662,4,231181,29.0,1,-1,T_3,3,-1,T_3,29.0,1,2019-03-14 11:26:59
447,2019-03-14 11:26:59.385662,4,231069,29.0,1,1,T_2,3,2,T_2,29.0,1,2019-03-14 11:26:54
448,2019-03-14 11:26:59.385662,4,231085,29.0,1,1,T_1,3,2,T_2,29.0,1,2019-03-14 11:26:54
449,2019-03-14 11:26:59.536180,1,231182,29.791600000000003,1,-1,T_1,3,1,,,,
450,2019-03-14 11:26:59.569335,1,231183,30.1916,1,-1,T_1,3,2,,,,
451,2019-03-14 11:26:59.602063,1,231184,30.6916,1,-1,T_1,3,3,,,,
452,2019-03-14 11:26:59.634100,1,231185,30.9416,1,-1,T_1,3,4,,,,
453,2019-03-14 11:26:59.670107,1,231186,29.791600000000003,1,-1,T_1,3,1,,,,
454,2019-03-14 11:26:59.704091,1,231187,30.1916,1,-1,T_1,3,2,,,,
455,2019-03-14 11:26:59.738956,1,231188,30.6916,1,-1,T_1,3,3,,,,
456,2019-03-14 11:26:59.774105,1,231189,30.9416,1,-1,T_1,3,4,,,,
457,2019-03-14 11:26:59.809648,1,231190,29.1916,1,1,T_1,3,1,,,,
458,2019-03-14 11:26:59.842861,1,231191,29.0,1,1,T_1,3,2,,,,
459,2019-03-14 11:26:59.875472,1,231192,28.6916,1,1,T_1,3,3,,,,
460,2019-03-14 11:26:59.909817,1,231193,28.4416,1,1,T_1,3,4,,,,
461,2019-03-14 11:26:59.946168,1,231194,29.791600000000003,1,-1,T_1,3,1,,,,
462,2019-03-14 11:26:59.980660,1,231195,30.1916,1,-1,T_1,3,2,,,,
463,2019-03-14 11:27:00.014356,1,231196,30.6916,1,-1,T_1,3,3,,,,
464,2019-03-14 11:27:00.050626,1,231197,30.9416,1,-1,T_1,3,4,,,,
465,2019-03-14 11:27:00.089309,1,231198,29.1916,1,1,T_1,3,1,,,,
466,2019-03-14 11:27:00.122130,1,231199,29.0,1,1,T_1,3,2,,,,
467,2019-03-14 11:27:00.156239,1,231200,28.6916,1,1,T_1,3,3,,,,
468,2019-03-14 11:27:00.190323,1,231201,28.4416,1,1,T_1,3,4,,,,
469,2019-03-14 11:27:00.233737,1,231202,29.791600000000003,1,-1,T_2,3,1,,,,
470,2019-03-14 11:27:00.268416,1,231203,30.1916,1,-1,T_2,3,2,,,,
471,2019-03-14 11:27:00.305458,1,231204,30.6916,1,-1,T_2,3,3,,,,
472,2019-03-14 11:27:00.341068,1,231205,30.9416,1,-1,T_2,3,4,,,,
473,2019-03-14 11:27:00.379428,1,231206,29.1916,1,1,T_2,3,1,,,,
474,2019-03-14 11:27:00.414338,1,231207,29.0,1,1,T_2,3,2,,,,
475,2019-03-14 11:27:00.448627,1,231208,28.6916,1,1,T_2,3,3,,,,
476,2019-03-14 11:27:00.483154,1,231209,28.4416,1,1,T_2,3,4,,,,
477,2019-03-14 11:27:00.519949,1,231210,29.1916,1,1,T_2,3,1,,,,
478,2019-03-14 11:27:00.558956,1,231211,29.0,1,1,T_2,3,2,,,,
479,2019-03-14 11:27:00.592724,1,231212,28.6916,1,1,T_2,3,3,,,,
480,2019-03-14 11:27:00.627576,1,231213,28.4416,1,1,T_2,3,4,,,,
481,2019-03-14 11:27:00.669633,1,231214,29.0,3,-1,T_3,3,-1,,,,
482,2019-03-14 11:27:00.700133,4,231214,29.0,1,-1,T_3,3,-1,T_3,29.0,1,2019-03-14 11:27:01
483,2019-03-14 11:27:00.700133,4,231214,29.0,1,-1,T_3,3,-1,T_3,29.0,1,2019-03-14 11:27:01
484,2019-03-14 11:27:00.700133,4,231214,29.0,1,-1,T_3,3,-1,T_3,29.0,1,2019-03-14 11:27:01
485,2019-03-14 11:27:00.700133,4,231101,29.0,1,1,T_2,3,2,T_2,29.0,1,2019-03-14 11:26:56
486,2019-03-14 11:27:00.700133,4,231109,29.0,1,1,T_2,3,2,T_2,29.0,1,2019-03-14 11:26:56
487,2019-03-14 11:27:00.700133,4,231117,29.0,1,1,T_1,3,2,T_2,29.0,1,2019-03-14 11:26:56
488,2019-03-14 11:27:00.901929,1,231215,29.0,3,-1,T_3,3,-1,,,,
489,2019-03-14 11:27:00.934797,4,231215,29.0,1,-1,T_3,3,-1,T_3,29.0,1,2019-03-14 11:27:01
490,2019-03-14 11:27:00.934797,4,231215,29.0,1,-1,T_3,3,-1,T_3,29.0,1,2019-03-14 11:27:01
491,2019-03-14 11:27:00.934797,4,231215,29.0,1,-1,T_3,3,-1,T_3,29.0,1,2019-03-14 11:27:01
492,2019-03-14 11:27:00.934797,4,231121,29.0,1,1,T_1,3,2,T_1,29.0,1,2019-03-14 11:26:57
493,2019-03-14 11:27:00.934797,4,231125,29.0,1,1,T_1,3,2,T_1,29.0,1,2019-03-14 11:26:57
494,2019-03-14 11:27:00.934797,4,231129,29.0,1,1,T_1,3,2,T_1,29.0,1,2019-03-14 11:26:57
495,2019-03-14 11:27:01.148981,1,231216,29.791600000000003,1,-1,T_1,3,1,,,,
496,2019-03-14 11:27:01.183035,1,231217,30.1916,1,-1,T_1,3,2,,,,
497,2019-03-14 11:27:01.216549,1,231218,30.6916,1,-1,T_1,3,3,,,,
498,2019-03-14 11:27:01.250871,1,231219,30.9416,1,-1,T_1,3,4,,,,
499,2019-03-14 11:27:01.287459,1,231220,29.1916,1,1,T_1,3,1,,,,
500,2019-03-14 11:27:01.322517,1,231221,29.0,1,1,T_1,3,2,,,,
501,2019-03-14 11:27:01.362971,1,231222,28.6916,1,1,T_1,3,3,,,,
502,2019-03-14 11:27:01.398688,1,231223,28.4416,1,1,T_1,3,4,,,,
503,2019-03-14 11:27:01.439353,1,231224,29.1916,1,1,T_1,3,1,,,,
504,2019-03-14 11:27:01.472736,1,231225,29.0,1,1,T_1,3,2,,,,
505,2019-03-14 11:27:01.505165,1,231226,28.6916,1,1,T_1,3,3,,,,
506,2019-03-14 11:27:01.538508,1,231227,28.4416,1,1,T_1,3,4,,,,
507,2019-03-14 11:27:01.578423,1,231228,29.791600000000003,1,-1,T_1,3,1,,,,
508,2019-03-14 11:27:01.612462,1,231229,30.1916,1,-1,T_1,3,2,,,,
509,2019-03-14 11:27:01.648020,1,231230,30.6916,1,-1,T_1,3,3,,,,
510,2019-03-14 11:27:01.682050,1,231231,30.9416,1,-1,T_1,3,4,,,,
511,2019-03-14 11:27:01.723154,1,231232,29.791600000000003,1,-1,T_2,3,1,,,,
512,2019-03-14 11:27:01.756875,1,231233,30.1916,1,-1,T_2,3,2,,,,
513,2019-03-14 11:27:01.791306,1,231234,30.6916,1,-1,T_2,3,3,,,,
514,2019-03-14 11:27:01.825816,1,231235,30.9416,1,-1,T_2,3,4,,,,
515,2019-03-14 11:27:01.864400,1,231236,29.1916,1,1,T_2,3,1,,,,
516,2019-03-14 11:27:01.900773,1,231237,29.0,1,1,T_2,3,2,,,,
517,2019-03-14 11:27:01.935162,1,231238,28.6916,1,1,T_2,3,3,,,,
518,2019-03-14 11:27:01.970568,1,231239,28.4416,1,1,T_2,3,4,,,,
519,2019-03-14 11:27:02.007575,1,231240,29.1916,1,1,T_2,3,1,,,,
520,2019-03-14 11:27:02.042935,1,231241,29.0,1,1,T_2,3,2,,,,
521,2019-03-14 11:27:02.077351,1,231242,28.6916,1,1,T_2,3,3,,,,
522,2019-03-14 11:27:02.110616,1,231243,28.4416,1,1,T_2,3,4,,,,
523,2019-03-14 11:27:02.149012,1,231244,29.0,3,-1,T_3,3,-1,,,,
524,2019-03-14 11:27:02.182589,4,231244,29.0,1,-1,T_3,3,-1,T_3,29.0,1,2019-03-14 11:27:02
525,2019-03-14 11:27:02.182589,4,231244,29.0,1,-1,T_3,3,-1,T_3,29.0,1,2019-03-14 11:27:02
526,2019-03-14 11:27:02.182589,4,231244,29.0,1,-1,T_3,3,-1,T_3,29.0,1,2019-03-14 11:27:02
527,2019-03-14 11:27:02.182589,4,231133,29.0,1,1,T_2,3,2,T_2,29.0,1,2019-03-14 11:26:57
528,2019-03-14 11:27:02.182589,4,231146,29.0,1,1,T_1,3,2,T_2,29.0,1,2019-03-14 11:26:57
529,2019-03-14 11:27:02.182589,4,231150,29.0,1,1,T_1,3,2,T_2,29.0,1,2019-03-14 11:26:57
530,2019-03-14 11:27:02.380773,1,231245,29.0,3,-1,T_3,3,-1,,,,
531,2019-03-14 11:27:02.411765,4,231245,29.0,1,-1,T_3,3,-1,T_3,29.0,1,2019-03-14 11:27:02
532,2019-03-14 11:27:02.411765,4,231245,29.0,1,-1,T_3,3,-1,T_3,29.0,1,2019-03-14 11:27:02
533,2019-03-14 11:27:02.411765,4,231245,29.0,1,-1,T_3,3,-1,T_3,29.0,1,2019-03-14 11:27:02
534,2019-03-14 11:27:02.411765,4,231154,29.0,1,1,T_1,3,2,T_1,29.0,1,2019-03-14 11:26:58
535,2019-03-14 11:27:02.411765,4,231158,29.0,1,1,T_1,3,2,T_1,29.0,1,2019-03-14 11:26:58
536,2019-03-14 11:27:02.411765,4,231162,29.0,1,1,T_2,3,2,T_1,29.0,1,2019-03-14 11:26:58
537,2019-03-14 11:27:02.622696,1,231246,29.0,3,-1,T_3,3,-1,,,,
538,2019-03-14 11:27:02.659121,4,231246,29.0,1,-1,T_3,3,-1,T_3,29.0,1,2019-03-14 11:27:03
539,2019-03-14 11:27:02.659121,4,231246,29.0,1,-1,T_3,3,-1,T_3,29.0,1,2019-03-14 11:27:03
540,2019-03-14 11:27:02.659121,4,231246,29.0,1,-1,T_3,3,-1,T_3,29.0,1,2019-03-14 11:27:03
541,2019-03-14 11:27:02.659121,4,231170,29.0,1,1,T_2,3,2,T_2,29.0,1,2019-03-14 11:26:59
542,2019-03-14 11:27:02.659121,4,231190,29.0,1,1,T_1,3,2,T_2,29.0,1,2019-03-14 11:26:59
543,2019-03-14 11:27:02.659121,4,231198,29.0,1,1,T_1,3,2,T_2,29.0,1,2019-03-14 11:26:59
544,2019-03-14 11:27:02.861084,1,231247,29.0,2,-1,T_3,3,-1,,,,
545,2019-03-14 11:27:02.891388,4,231247,29.0,1,-1,T_3,3,-1,T_3,29.0,1,2019-03-14 11:27:03
546,2019-03-14 11:27:02.891388,4,231247,29.0,1,-1,T_3,3,-1,T_3,29.0,1,2019-03-14 11:27:03
547,2019-03-14 11:27:02.891388,4,231206,29.0,1,1,T_2,3,2,T_2,29.0,1,2019-03-14 11:27:00
548,2019-03-14 11:27:02.891388,4,231210,29.0,1,1,T_2,3,2,T_2,29.0,1,2019-03-14 11:27:00
549,2019-03-14 11:27:03.053639,1,231248,29.1916,1,1,T_1,3,1,,,,
550,2019-03-14 11:27:03.088470,1,231249,29.0,1,1,T_1,3,2,,,,
551,2019-03-14 11:27:03.122244,1,231250,28.6916,1,1,T_1,3,3,,,,
552,2019-03-14 11:27:03.156305,1,231251,28.4416,1,1,T_1,3,4,,,,
553,2019-03-14 11:27:03.195457,1,231252,29.791600000000003,1,-1,T_1,3,1,,,,
554,2019-03-14 11:27:03.228943,1,231253,30.1916,1,-1,T_1,3,2,,,,
555,2019-03-14 11:27:03.262477,1,231254,30.6916,1,-1,T_1,3,3,,,,
556,2019-03-14 11:27:03.295755,1,231255,30.9416,1,-1,T_1,3,4,,,,
557,2019-03-14 11:27:03.332333,1,231256,29.1916,1,1,T_1,3,1,,,,
558,2019-03-14 11:27:03.367370,1,231257,29.0,1,1,T_1,3,2,,,,
559,2019-03-14 11:27:03.404248,1,231258,28.6916,1,1,T_1,3,3,,,,
560,2019-03-14 11:27:03.438588,1,231259,28.4416,1,1,T_1,3,4,,,,
561,2019-03-14 11:27:03.478579,1,231260,29.791600000000003,1,-1,T_1,3,1,,,,
562,2019-03-14 11:27:03.515474,1,231261,30.1916,1,-1,T_1,3,2,,,,
563,2019-03-14 11:27:03.550022,1,231262,30.6916,1,-1,T_1,3,3,,,,
564,2019-03-14 11:27:03.584616,1,231263,30.9416,1,-1,T_1,3,4,,,,
565,2019-03-14 11:27:03.629886,1,231264,29.791600000000003,1,-1,T_2,3,1,,,,
566,2019-03-14 11:27:03.665460,1,231265,30.1916,1,-1,T_2,3,2,,,,
567,2019-03-14 11:27:03.703677,1,231266,30.6916,1,-1,T_2,3,3,,,,
568,2019-03-14 11:27:03.738213,1,231267,30.9416,1,-1,T_2,3,4,,,,
569,2019-03-14 11:27:03.774415,1,231268,29.1916,1,1,T_2,3,1,,,,
570,2019-03-14 11:27:03.808226,1,231269,29.0,1,1,T_2,3,2,,,,
571,2019-03-14 11:27:03.842027,1,231270,28.6916,1,1,T_2,3,3,,,,
572,2019-03-14 11:27:03.877046,1,231271,28.4416,1,1,T_2,3,4,,,,
573,2019-03-14 11:27:03.914555,1,231272,29.1916,1,1,T_2,3,1,,,,
574,2019-03-14 11:27:03.948382,1,231273,29.0,1,1,T_2,3,2,,,,
575,2019-03-14 11:27:03.982308,1,231274,28.6916,1,1,T_2,3,3,,,,
576,2019-03-14 11:27:04.017320,1,231275,28.4416,1,1,T_2,3,4,,,,
577,2019-03-14 11:27:04.055672,1,231276,29.1916,1,1,T_2,3,1,,,,
578,2019-03-14 11:27:04.090219,1,231277,29.0,1,1,T_2,3,2,,,,
579,2019-03-14 11:27:04.125240,1,231278,28.6916,1,1,T_2,3,3,,,,
580,2019-03-14 11:27:04.159118,1,231279,28.4416,1,1,T_2,3,4,,,,
581,2019-03-14 11:27:04.195680,1,231280,29.0,3,-1,T_3,3,-1,,,,
582,2019-03-14 11:27:04.225980,4,231280,29.0,1,-1,T_3,3,-1,T_3,29.0,1,2019-03-14 11:27:04
583,2019-03-14 11:27:04.225980,4,231280,29.0,1,-1,T_3,3,-1,T_3,29.0,1,2019-03-14 11:27:04
584,2019-03-14 11:27:04.225980,4,231280,29.0,1,-1,T_3,3,-1,T_3,29.0,1,2019-03-14 11:27:04
585,2019-03-14 11:27:04.225980,4,231220,29.0,1,1,T_1,3,2,T_1,29.0,1,2019-03-14 11:27:01
586,2019-03-14 11:27:04.225980,4,231224,29.0,1,1,T_1,3,2,T_1,29.0,1,2019-03-14 11:27:01
587,2019-03-14 11:27:04.225980,4,231236,29.0,1,1,T_2,3,2,T_1,29.0,1,2019-03-14 11:27:01
588,2019-03-14 11:27:04.431176,1,231281,29.0,3,-1,T_3,3,-1,,,,
589,2019-03-14 11:27:04.463020,4,231281,29.0,1,-1,T_3,3,-1,T_3,29.0,1,2019-03-14 11:27:04
590,2019-03-14 11:27:04.463020,4,231281,29.0,1,-1,T_3,3,-1,T_3,29.0,1,2019-03-14 11:27:04
591,2019-03-14 11:27:04.463020,4,231281,29.0,1,-1,T_3,3,-1,T_3,29.0,1,2019-03-14 11:27:04
592,2019-03-14 11:27:04.463020,4,231240,29.0,1,1,T_2,3,2,T_2,29.0,1,2019-03-14 11:27:02
593,2019-03-14 11:27:04.463020,4,231248,29.0,1,1,T_1,3,2,T_2,29.0,1,2019-03-14 11:27:02
594,2019-03-14 11:27:04.463020,4,231256,29.0,1,1,T_1,3,2,T_2,29.0,1,2019-03-14 11:27:02
595,2019-03-14 11:27:04.664249,1,231282,29.0,2,-1,T_3,3,-1,,,,
596,2019-03-14 11:27:04.693912,4,231282,29.0,1,-1,T_3,3,-1,T_3,29.0,1,2019-03-14 11:27:05
597,2019-03-14 11:27:04.693912,4,231282,29.0,1,-1,T_3,3,-1,T_3,29.0,1,2019-03-14 11:27:05
598,2019-03-14 11:27:04.693912,4,231268,29.0,1,1,T_2,3,2,T_2,29.0,1,2019-03-14 11:27:04
599,2019-03-14 11:27:04.693912,4,231272,29.0,1,1,T_2,3,2,T_2,29.0,1,2019-03-14 11:27:04
600,2019-03-14 11:27:04.830428,1,231283,29.0,2,-1,T_3,3,-1,,,,
601,2019-03-14 11:27:04.860518,4,231283,29.0,1,-1,T_3,3,-1,T_3,29.0,1,2019-03-14 11:27:05
602,2019-03-14 11:27:04.860518,4,231283,29.0,1,-1,T_3,3,-1,T_3,29.0,1,2019-03-14 11:27:05
603,2019-03-14 11:27:04.860518,4,231276,29.0,1,1,T_2,3,1,T_2,29.0,1,2019-03-14 11:27:04
604,2019-03-14 11:27:04.860518,4,231179,29.0,1,1,T_3,3,1,T_2,29.0,1,2019-03-14 11:27:04
605,2019-03-14 11:27:05.014719,1,231284,29.791600000000003,1,-1,T_1,3,1,,,,
606,2019-03-14 11:27:05.049992,1,231285,30.1916,1,-1,T_1,3,2,,,,
607,2019-03-14 11:27:05.085211,1,231286,30.6916,1,-1,T_1,3,3,,,,
608,2019-03-14 11:27:05.120228,1,231287,30.9416,1,-1,T_1,3,4,,,,
609,2019-03-14 11:27:05.158307,1,231288,29.0,1,1,T_1,3,1,,,,
610,2019-03-14 11:27:05.191868,1,231289,28.6916,1,1,T_1,3,2,,,,
611,2019-03-14 11:27:05.228143,1,231290,28.4416,1,1,T_1,3,3,,,,
612,2019-03-14 11:27:05.261080,1,231291,28.1916,1,1,T_1,3,4,,,,
613,2019-03-14 11:27:05.306325,1,231292,29.0,1,1,T_1,3,1,,,,
614,2019-03-14 11:27:05.342133,1,231293,28.6916,1,1,T_1,3,2,,,,
615,2019-03-14 11:27:05.375750,1,231294,28.4416,1,1,T_1,3,3,,,,
616,2019-03-14 11:27:05.409921,1,231295,28.1916,1,1,T_1,3,4,,,,
617,2019-03-14 11:27:05.455135,1,231296,29.0,1,1,T_2,3,1,,,,
618,2019-03-14 11:27:05.520579,1,231297,28.6916,1,1,T_2,3,2,,,,
619,2019-03-14 11:27:05.559804,1,231298,28.4416,1,1,T_2,3,3,,,,
620,2019-03-14 11:27:05.594037,1,231299,28.1916,1,1,T_2,3,4,,,,
621,2019-03-14 11:27:05.630651,1,231300,29.0,1,1,T_2,3,1,,,,
622,2019-03-14 11:27:05.664374,1,231301,28.6916,1,1,T_2,3,2,,,,
623,2019-03-14 11:27:05.697500,1,231302,28.4416,1,1,T_2,3,3,,,,
624,2019-03-14 11:27:05.731026,1,231303,28.1916,1,1,T_2,3,4,,,,
625,2019-03-14 11:27:05.772538,1,231304,29.791600000000003,1,-1,T_2,3,1,,,,
626,2019-03-14 11:27:05.806310,1,231305,30.1916,1,-1,T_2,3,2,,,,
627,2019-03-14 11:27:05.840773,1,231306,30.6916,1,-1,T_2,3,3,,,,
628,2019-03-14 11:27:05.875015,1,231307,30.9416,1,-1,T_2,3,4,,,,
629,2019-03-14 11:27:05.915495,1,231308,29.0,1,1,T_2,3,1,,,,
630,2019-03-14 11:27:05.949252,1,231309,28.6916,1,1,T_2,3,2,,,,
631,2019-03-14 11:27:05.982450,1,231310,28.4416,1,1,T_2,3,3,,,,
632,2019-03-14 11:27:06.016829,1,231311,28.1916,1,1,T_2,3,4,,,,
633,2019-03-14 11:27:06.054733,1,231312,29.0,3,-1,T_3,3,-1,,,,
634,2019-03-14 11:27:06.085831,4,231312,29.0,3,-1,T_3,3,-1,T_3,29.0,3,2019-03-14 11:27:06
635,2019-03-14 11:27:06.085831,4,231179,29.0,3,1,T_3,3,1,T_3,29.0,3,2019-03-14 11:26:59
636,2019-03-14 11:27:06.162860,1,231313,29.0,2,-1,T_3,3,-1,,,,
637,2019-03-14 11:27:06.193177,4,231313,29.0,2,-1,T_3,3,-1,T_3,29.0,2,2019-03-14 11:27:06
638,2019-03-14 11:27:06.193177,4,231179,29.0,2,1,T_3,3,1,T_3,29.0,2,2019-03-14 11:26:59
639,2019-03-14 11:27:06.265358,1,231314,29.0,2,-1,T_3,3,-1,,,,
640,2019-03-14 11:27:06.295929,4,231314,29.0,2,-1,T_3,3,-1,T_3,29.0,2,2019-03-14 11:27:06
641,2019-03-14 11:27:06.295929,4,231179,29.0,2,1,T_3,3,1,T_3,29.0,2,2019-03-14 11:26:59
642,2019-03-14 11:27:06.371254,1,231315,29.0,2,-1,T_3,3,-1,,,,
643,2019-03-14 11:27:06.402318,4,231315,29.0,2,-1,T_3,3,-1,T_3,29.0,2,2019-03-14 11:27:06
644,2019-03-14 11:27:06.402318,4,231179,29.0,2,1,T_3,3,1,T_3,29.0,2,2019-03-14 11:26:59
645,2019-03-14 11:27:06.475434,1,231316,29.0,2,-1,T_3,3,-1,,,,
646,2019-03-14 11:27:06.505520,4,231316,29.0,2,-1,T_3,3,-1,T_3,29.0,2,2019-03-14 11:27:06
647,2019-03-14 11:27:06.505520,4,231179,29.0,2,1,T_3,3,1,T_3,29.0,2,2019-03-14 11:26:59
648,2019-03-14 11:27:06.586117,1,231317,29.791600000000003,1,-1,T_1,3,1,,,,
649,2019-03-14 11:27:06.622635,1,231318,30.1916,1,-1,T_1,3,2,,,,
650,2019-03-14 11:27:06.656217,1,231319,30.6916,1,-1,T_1,3,3,,,,
651,2019-03-14 11:27:06.690743,1,231320,30.9416,1,-1,T_1,3,4,,,,
652,2019-03-14 11:27:06.727798,1,231321,29.791600000000003,1,-1,T_1,3,1,,,,
653,2019-03-14 11:27:06.762309,1,231322,30.1916,1,-1,T_1,3,2,,,,
654,2019-03-14 11:27:06.796468,1,231323,30.6916,1,-1,T_1,3,3,,,,
655,2019-03-14 11:27:06.831679,1,231324,30.9416,1,-1,T_1,3,4,,,,
656,2019-03-14 11:27:06.872867,1,231325,29.0,1,1,T_1,3,1,,,,
657,2019-03-14 11:27:06.908469,1,231326,28.6916,1,1,T_1,3,2,,,,
658,2019-03-14 11:27:06.943058,1,231327,28.4416,1,1,T_1,3,3,,,,
659,2019-03-14 11:27:06.977368,1,231328,28.1916,1,1,T_1,3,4,,,,
660,2019-03-14 11:27:07.016124,1,231329,29.0,1,1,T_1,3,1,,,,
661,2019-03-14 11:27:07.050606,1,231330,28.6916,1,1,T_1,3,2,,,,
662,2019-03-14 11:27:07.084696,1,231331,28.4416,1,1,T_1,3,3,,,,
663,2019-03-14 11:27:07.118892,1,231332,28.1916,1,1,T_1,3,4,,,,
664,2019-03-14 11:27:07.158505,1,231333,29.791600000000003,1,-1,T_2,3,1,,,,
665,2019-03-14 11:27:07.195247,1,231334,30.1916,1,-1,T_2,3,2,,,,
666,2019-03-14 11:27:07.230668,1,231335,30.6916,1,-1,T_2,3,3,,,,
667,2019-03-14 11:27:07.268559,1,231336,30.9416,1,-1,T_2,3,4,,,,
668,2019-03-14 11:27:07.312041,1,231337,29.0,1,1,T_2,3,1,,,,
669,2019-03-14 11:27:07.350471,1,231338,28.6916,1,1,T_2,3,2,,,,
670,2019-03-14 11:27:07.388136,1,231339,28.4416,1,1,T_2,3,3,,,,
671,2019-03-14 11:27:07.430004,1,231340,28.1916,1,1,T_2,3,4,,,,
672,2019-03-14 11:27:07.469077,1,231341,29.791600000000003,1,-1,T_2,3,1,,,,
673,2019-03-14 11:27:07.509017,1,231342,30.1916,1,-1,T_2,3,2,,,,
674,2019-03-14 11:27:07.545099,1,231343,30.6916,1,-1,T_2,3,3,,,,
675,2019-03-14 11:27:07.582858,1,231344,30.9416,1,-1,T_2,3,4,,,,
676,2019-03-14 11:27:07.621686,1,231345,29.0,1,1,T_2,3,1,,,,
677,2019-03-14 11:27:07.658317,1,231346,28.6916,1,1,T_2,3,2,,,,
678,2019-03-14 11:27:07.693922,1,231347,28.4416,1,1,T_2,3,3,,,,
679,2019-03-14 11:27:07.730009,1,231348,28.1916,1,1,T_2,3,4,,,,
680,2019-03-14 11:27:07.767985,1,231349,29.791600000000003,1,-1,T_2,3,1,,,,
681,2019-03-14 11:27:07.802616,1,231350,30.1916,1,-1,T_2,3,2,,,,
682,2019-03-14 11:27:07.836848,1,231351,30.6916,1,-1,T_2,3,3,,,,
683,2019-03-14 11:27:07.874285,1,231352,30.9416,1,-1,T_2,3,4,,,,
684,2019-03-14 11:27:07.915358,1,231353,29.0,2,-1,T_3,3,-1,,,,
685,2019-03-14 11:27:07.945259,4,231353,29.0,1,-1,T_3,3,-1,T_3,29.0,1,2019-03-14 11:27:08
686,2019-03-14 11:27:07.945259,4,231353,29.0,1,-1,T_3,3,-1,T_3,29.0,1,2019-03-14 11:27:08
687,2019-03-14 11:27:07.945259,4,231179,29.0,1,1,T_3,3,1,T_3,29.0,1,2019-03-14 11:26:59
688,2019-03-14 11:27:07.945259,4,231191,29.0,1,1,T_1,3,1,T_3,29.0,1,2019-03-14 11:26:59
689,2019-03-14 11:27:08.086212,1,231354,29.0,2,-1,T_3,3,-1,,,,
690,2019-03-14 11:27:08.116893,4,231354,29.0,1,-1,T_3,3,-1,T_3,29.0,1,2019-03-14 11:27:08
691,2019-03-14 11:27:08.116893,4,231354,29.0,1,-1,T_3,3,-1,T_3,29.0,1,2019-03-14 11:27:08
692,2019-03-14 11:27:08.116893,4,231199,29.0,1,1,T_1,3,1,T_1,29.0,1,2019-03-14 11:27:00
693,2019-03-14 11:27:08.116893,4,231207,29.0,1,1,T_2,3,1,T_1,29.0,1,2019-03-14 11:27:00
694,2019-03-14 11:27:08.270391,1,231355,29.0,1,1,T_1,3,1,,,,
695,2019-03-14 11:27:08.305830,1,231356,28.6916,1,1,T_1,3,2,,,,
696,2019-03-14 11:27:08.340258,1,231357,28.4416,1,1,T_1,3,3,,,,
697,2019-03-14 11:27:08.376751,1,231358,28.1916,1,1,T_1,3,4,,,,
698,2019-03-14 11:27:08.417197,1,231359,29.791600000000003,1,-1,T_1,3,1,,,,
699,2019-03-14 11:27:08.455338,1,231360,30.1916,1,-1,T_1,3,2,,,,
700,2019-03-14 11:27:08.490097,1,231361,30.6916,1,-1,T_1,3,3,,,,
701,2019-03-14 11:27:08.527482,1,231362,30.9416,1,-1,T_1,3,4,,,,
702,2019-03-14 11:27:08.567010,1,231363,29.0,1,1,T_1,3,1,,,,
703,2019-03-14 11:27:08.603553,1,231364,28.6916,1,1,T_1,3,2,,,,
704,2019-03-14 11:27:08.640849,1,231365,28.4416,1,1,T_1,3,3,,,,
705,2019-03-14 11:27:08.677150,1,231366,28.1916,1,1,T_1,3,4,,,,
706,2019-03-14 11:27:08.717696,1,231367,29.0,1,1,T_1,3,1,,,,
707,2019-03-14 11:27:08.751800,1,231368,28.6916,1,1,T_1,3,2,,,,
708,2019-03-14 11:27:08.787296,1,231369,28.4416,1,1,T_1,3,3,,,,
709,2019-03-14 11:27:08.823386,1,231370,28.1916,1,1,T_1,3,4,,,,
710,2019-03-14 11:27:08.863237,1,231371,29.791600000000003,1,-1,T_1,3,1,,,,
711,2019-03-14 11:27:08.899249,1,231372,30.1916,1,-1,T_1,3,2,,,,
712,2019-03-14 11:27:08.933992,1,231373,30.6916,1,-1,T_1,3,3,,,,
713,2019-03-14 11:27:08.973897,1,231374,30.9416,1,-1,T_1,3,4,,,,
714,2019-03-14 11:27:09.011675,1,231375,29.791600000000003,1,-1,T_2,3,1,,,,
715,2019-03-14 11:27:09.047307,1,231376,30.1916,1,-1,T_2,3,2,,,,
716,2019-03-14 11:27:09.083477,1,231377,30.6916,1,-1,T_2,3,3,,,,
717,2019-03-14 11:27:09.118435,1,231378,30.9416,1,-1,T_2,3,4,,,,
718,2019-03-14 11:27:09.156984,1,231379,29.791600000000003,1,-1,T_2,3,1,,,,
719,2019-03-14 11:27:09.191744,1,231380,30.1916,1,-1,T_2,3,2,,,,
720,2019-03-14 11:27:09.225253,1,231381,30.6916,1,-1,T_2,3,3,,,,
721,2019-03-14 11:27:09.258994,1,231382,30.9416,1,-1,T_2,3,4,,,,
722,2019-03-14 11:27:09.305081,1,231383,29.0,1,1,T_2,3,1,,,,
723,2019-03-14 11:27:09.342716,1,231384,28.6916,1,1,T_2,3,2,,,,
724,2019-03-14 11:27:09.378371,1,231385,28.4416,1,1,T_2,3,3,,,,
725,2019-03-14 11:27:09.415213,1,231386,28.1916,1,1,T_2,3,4,,,,
726,2019-03-14 11:27:09.458118,1,231387,29.0,2,-1,T_3,3,-1,,,,
727,2019-03-14 11:27:09.490206,4,231387,29.0,1,-1,T_3,3,-1,T_3,29.0,1,2019-03-14 11:27:09
728,2019-03-14 11:27:09.490206,4,231387,29.0,1,-1,T_3,3,-1,T_3,29.0,1,2019-03-14 11:27:09
729,2019-03-14 11:27:09.490206,4,231211,29.0,1,1,T_2,3,1,T_2,29.0,1,2019-03-14 11:27:01
730,2019-03-14 11:27:09.490206,4,231221,29.0,1,1,T_1,3,1,T_2,29.0,1,2019-03-14 11:27:01
731,2019-03-14 11:27:09.629705,1,231388,29.0,2,-1,T_3,3,-1,,,,
732,2019-03-14 11:27:09.659558,4,231388,29.0,1,-1,T_3,3,-1,T_3,29.0,1,2019-03-14 11:27:10
733,2019-03-14 11:27:09.659558,4,231388,29.0,1,-1,T_3,3,-1,T_3,29.0,1,2019-03-14 11:27:10
734,2019-03-14 11:27:09.659558,4,231225,29.0,1,1,T_1,3,1,T_1,29.0,1,2019-03-14 11:27:01
735,2019-03-14 11:27:09.659558,4,231237,29.0,1,1,T_2,3,1,T_1,29.0,1,2019-03-14 11:27:01
736,2019-03-14 11:27:09.800302,1,231389,29.0,1,-1,T_3,3,-1,,,,
737,2019-03-14 11:27:09.830572,4,231389,29.0,1,-1,T_3,3,-1,T_3,29.0,1,2019-03-14 11:27:10
738,2019-03-14 11:27:09.830572,4,231241,29.0,1,1,T_2,3,1,T_2,29.0,1,2019-03-14 11:27:02
739,2019-03-14 11:27:09.901768,1,231390,29.0,1,-1,T_3,3,-1,,,,
740,2019-03-14 11:27:09.932857,4,231390,29.0,1,-1,T_3,3,-1,T_3,29.0,1,2019-03-14 11:27:10
741,2019-03-14 11:27:09.932857,4,231249,29.0,1,1,T_1,3,1,T_1,29.0,1,2019-03-14 11:27:03
742,2019-03-14 11:27:10.007213,1,231391,29.0,1,-1,T_3,3,-1,,,,
743,2019-03-14 11:27:10.038734,4,231391,29.0,1,-1,T_3,3,-1,T_3,29.0,1,2019-03-14 11:27:10
744,2019-03-14 11:27:10.038734,4,231257,29.0,1,1,T_1,3,1,T_1,29.0,1,2019-03-14 11:27:03
745,2019-03-14 11:27:10.121424,1,231392,29.0,1,1,T_1,3,1,,,,
746,2019-03-14 11:27:10.156066,1,231393,28.6916,1,1,T_1,3,2,,,,
747,2019-03-14 11:27:10.191241,1,231394,28.4416,1,1,T_1,3,3,,,,
748,2019-03-14 11:27:10.229171,1,231395,28.1916,1,1,T_1,3,4,,,,
749,2019-03-14 11:27:10.267355,1,231396,29.791600000000003,1,-1,T_1,3,1,,,,
750,2019-03-14 11:27:10.303028,1,231397,30.1916,1,-1,T_1,3,2,,,,
751,2019-03-14 11:27:10.340436,1,231398,30.6916,1,-1,T_1,3,3,,,,
752,2019-03-14 11:27:10.377296,1,231399,30.9416,1,-1,T_1,3,4,,,,
753,2019-03-14 11:27:10.416623,1,231400,29.791600000000003,1,-1,T_1,3,1,,,,
754,2019-03-14 11:27:10.450697,1,231401,30.1916,1,-1,T_1,3,2,,,,
755,2019-03-14 11:27:10.493214,1,231402,30.6916,1,-1,T_1,3,3,,,,
756,2019-03-14 11:27:10.529645,1,231403,30.9416,1,-1,T_1,3,4,,,,
757,2019-03-14 11:27:10.569570,1,231404,29.791600000000003,1,-1,T_1,3,1,,,,
758,2019-03-14 11:27:10.603755,1,231405,30.1916,1,-1,T_1,3,2,,,,
759,2019-03-14 11:27:10.638096,1,231406,30.6916,1,-1,T_1,3,3,,,,
760,2019-03-14 11:27:10.672634,1,231407,30.9416,1,-1,T_1,3,4,,,,
761,2019-03-14 11:27:10.710985,1,231408,29.791600000000003,1,-1,T_1,3,1,,,,
762,2019-03-14 11:27:10.748949,1,231409,30.1916,1,-1,T_1,3,2,,,,
763,2019-03-14 11:27:10.784589,1,231410,30.6916,1,-1,T_1,3,3,,,,
764,2019-03-14 11:27:10.821411,1,231411,30.9416,1,-1,T_1,3,4,,,,
765,2019-03-14 11:27:10.860651,1,231412,29.791600000000003,1,-1,T_2,3,1,,,,
766,2019-03-14 11:27:10.896584,1,231413,30.1916,1,-1,T_2,3,2,,,,
767,2019-03-14 11:27:10.933888,1,231414,30.6916,1,-1,T_2,3,3,,,,
768,2019-03-14 11:27:10.969168,1,231415,30.9416,1,-1,T_2,3,4,,,,
769,2019-03-14 11:27:11.008466,1,231416,29.0,1,1,T_2,3,1,,,,
770,2019-03-14 11:27:11.043930,1,231417,28.6916,1,1,T_2,3,2,,,,
771,2019-03-14 11:27:11.078283,1,231418,28.4416,1,1,T_2,3,3,,,,
772,2019-03-14 11:27:11.113400,1,231419,28.1916,1,1,T_2,3,4,,,,
773,2019-03-14 11:27:11.151728,1,231420,29.0,1,1,T_2,3,1,,,,
774,2019-03-14 11:27:11.186518,1,231421,28.6916,1,1,T_2,3,2,,,,
775,2019-03-14 11:27:11.221539,1,231422,28.4416,1,1,T_2,3,3,,,,
776,2019-03-14 11:27:11.256165,1,231423,28.1916,1,1,T_2,3,4,,,,
777,2019-03-14 11:27:11.295499,1,231424,29.791600000000003,1,-1,T_2,3,1,,,,
778,2019-03-14 11:27:11.330373,1,231425,30.1916,1,-1,T_2,3,2,,,,
779,2019-03-14 11:27:11.372293,1,231426,30.6916,1,-1,T_2,3,3,,,,
780,2019-03-14 11:27:11.408206,1,231427,30.9416,1,-1,T_2,3,4,,,,
781,2019-03-14 11:27:11.448465,1,231428,29.0,1,1,T_2,3,1,,,,
782,2019-03-14 11:27:11.687531,1,231429,28.6916,1,1,T_2,3,2,,,,
783,2019-03-14 11:27:11.722605,1,231430,28.4416,1,1,T_2,3,3,,,,
784,2019-03-14 11:27:11.758166,1,231431,28.1916,1,1,T_2,3,4,,,,
785,2019-03-14 11:27:11.806732,1,231432,29.0,2,-1,T_3,3,-1,,,,
786,2019-03-14 11:27:11.837555,4,231432,29.0,1,-1,T_3,3,-1,T_3,29.0,1,2019-03-14 11:27:12
787,2019-03-14 11:27:11.837555,4,231432,29.0,1,-1,T_3,3,-1,T_3,29.0,1,2019-03-14 11:27:12
788,2019-03-14 11:27:11.837555,4,231269,29.0,1,1,T_2,3,1,T_2,29.0,1,2019-03-14 11:27:04
789,2019-03-14 11:27:11.837555,4,231273,29.0,1,1,T_2,3,1,T_2,29.0,1,2019-03-14 11:27:04
790,2019-03-14 11:27:11.977677,1,231433,29.0,1,-1,T_3,3,-1,,,,
791,2019-03-14 11:27:12.008315,4,231433,29.0,1,-1,T_3,3,-1,T_3,29.0,1,2019-03-14 11:27:12
792,2019-03-14 11:27:12.008315,4,231277,29.0,1,1,T_2,3,1,T_2,29.0,1,2019-03-14 11:27:04
793,2019-03-14 11:27:12.097199,1,231434,29.0,1,1,T_1,3,1,,,,
794,2019-03-14 11:27:12.133468,1,231435,28.6916,1,1,T_1,3,2,,,,
795,2019-03-14 11:27:12.168725,1,231436,28.4416,1,1,T_1,3,3,,,,
796,2019-03-14 11:27:12.205186,1,231437,28.1916,1,1,T_1,3,4,,,,
797,2019-03-14 11:27:12.249096,1,231438,29.791600000000003,1,-1,T_1,3,1,,,,
798,2019-03-14 11:27:12.284459,1,231439,30.1916,1,-1,T_1,3,2,,,,
799,2019-03-14 11:27:12.320157,1,231440,30.6916,1,-1,T_1,3,3,,,,
800,2019-03-14 11:27:12.357113,1,231441,30.9416,1,-1,T_1,3,4,,,,
801,2019-03-14 11:27:12.395888,1,231442,29.791600000000003,1,-1,T_1,3,1,,,,
802,2019-03-14 11:27:12.430801,1,231443,30.1916,1,-1,T_1,3,2,,,,
803,2019-03-14 11:27:12.464755,1,231444,30.6916,1,-1,T_1,3,3,,,,
804,2019-03-14 11:27:12.500525,1,231445,30.9416,1,-1,T_1,3,4,,,,
805,2019-03-14 11:27:12.550887,1,231446,29.0,1,1,T_1,3,1,,,,
806,2019-03-14 11:27:12.586073,1,231447,28.6916,1,1,T_1,3,2,,,,
807,2019-03-14 11:27:12.620863,1,231448,28.4416,1,1,T_1,3,3,,,,
808,2019-03-14 11:27:12.656608,1,231449,28.1916,1,1,T_1,3,4,,,,
809,2019-03-14 11:27:12.696100,1,231450,29.0,1,1,T_2,3,1,,,,
810,2019-03-14 11:27:12.730833,1,231451,28.6916,1,1,T_2,3,2,,,,
811,2019-03-14 11:27:12.765484,1,231452,28.4416,1,1,T_2,3,3,,,,
812,2019-03-14 11:27:12.801665,1,231453,28.1916,1,1,T_2,3,4,,,,
813,2019-03-14 11:27:12.840669,1,231454,29.0,1,1,T_2,3,1,,,,
814,2019-03-14 11:27:12.875811,1,231455,28.6916,1,1,T_2,3,2,,,,
815,2019-03-14 11:27:12.911490,1,231456,28.4416,1,1,T_2,3,3,,,,
816,2019-03-14 11:27:12.947583,1,231457,28.1916,1,1,T_2,3,4,,,,
817,2019-03-14 11:27:12.986937,1,231458,29.0,1,1,T_2,3,1,,,,
818,2019-03-14 11:27:13.021952,1,231459,28.6916,1,1,T_2,3,2,,,,
819,2019-03-14 11:27:13.057123,1,231460,28.4416,1,1,T_2,3,3,,,,
820,2019-03-14 11:27:13.092749,1,231461,28.1916,1,1,T_2,3,4,,,,
821,2019-03-14 11:27:13.140826,1,231462,29.0,2,-1,T_3,3,-1,,,,
822,2019-03-14 11:27:13.170924,4,231462,29.0,1,-1,T_3,3,-1,T_3,29.0,1,2019-03-14 11:27:13
823,2019-03-14 11:27:13.170924,4,231462,29.0,1,-1,T_3,3,-1,T_3,29.0,1,2019-03-14 11:27:13
824,2019-03-14 11:27:13.170924,4,231288,29.0,1,1,T_1,3,1,T_1,29.0,1,2019-03-14 11:27:05
825,2019-03-14 11:27:13.170924,4,231292,29.0,1,1,T_1,3,1,T_1,29.0,1,2019-03-14 11:27:05
826,2019-03-14 11:27:13.312634,1,231463,29.0,2,-1,T_3,3,-1,,,,
827,2019-03-14 11:27:13.344878,4,231463,29.0,1,-1,T_3,3,-1,T_3,29.0,1,2019-03-14 11:27:13
828,2019-03-14 11:27:13.344878,4,231463,29.0,1,-1,T_3,3,-1,T_3,29.0,1,2019-03-14 11:27:13
829,2019-03-14 11:27:13.344878,4,231296,29.0,1,1,T_2,3,1,T_2,29.0,1,2019-03-14 11:27:05
830,2019-03-14 11:27:13.344878,4,231300,29.0,1,1,T_2,3,1,T_2,29.0,1,2019-03-14 11:27:05
831,2019-03-14 11:27:13.487596,1,231464,29.0,1,-1,T_3,3,-1,,,,
832,2019-03-14 11:27:13.518569,4,231464,29.0,1,-1,T_3,3,-1,T_3,29.0,1,2019-03-14 11:27:13
833,2019-03-14 11:27:13.518569,4,231308,29.0,1,1,T_2,3,1,T_2,29.0,1,2019-03-14 11:27:06
834,2019-03-14 11:27:13.797509,1,231465,29.0,1,-1,T_3,3,-1,,,,
835,2019-03-14 11:27:13.828111,4,231465,29.0,1,-1,T_3,3,-1,T_3,29.0,1,2019-03-14 11:27:14
836,2019-03-14 11:27:13.828111,4,231325,29.0,1,1,T_1,3,1,T_1,29.0,1,2019-03-14 11:27:07
837,2019-03-14 11:27:13.920114,1,231466,29.0,1,1,T_1,3,1,,,,
838,2019-03-14 11:27:13.955512,1,231467,28.6916,1,1,T_1,3,2,,,,
839,2019-03-14 11:27:13.991042,1,231468,28.4416,1,1,T_1,3,3,,,,
840,2019-03-14 11:27:14.025944,1,231469,28.1916,1,1,T_1,3,4,,,,
841,2019-03-14 11:27:14.064745,1,231470,29.791600000000003,1,-1,T_1,3,1,,,,
842,2019-03-14 11:27:14.100199,1,231471,30.1916,1,-1,T_1,3,2,,,,
843,2019-03-14 11:27:14.136294,1,231472,30.6916,1,-1,T_1,3,3,,,,
844,2019-03-14 11:27:14.171266,1,231473,30.9416,1,-1,T_1,3,4,,,,
845,2019-03-14 11:27:14.210074,1,231474,29.791600000000003,1,-1,T_1,3,1,,,,
846,2019-03-14 11:27:14.245011,1,231475,30.1916,1,-1,T_1,3,2,,,,
847,2019-03-14 11:27:14.281792,1,231476,30.6916,1,-1,T_1,3,3,,,,
848,2019-03-14 11:27:14.317492,1,231477,30.9416,1,-1,T_1,3,4,,,,
849,2019-03-14 11:27:14.358228,1,231478,29.0,1,1,T_1,3,1,,,,
850,2019-03-14 11:27:14.393866,1,231479,28.6916,1,1,T_1,3,2,,,,
851,2019-03-14 11:27:14.428668,1,231480,28.4416,1,1,T_1,3,3,,,,
852,2019-03-14 11:27:14.469852,1,231481,28.1916,1,1,T_1,3,4,,,,
853,2019-03-14 11:27:14.518663,1,231482,29.791600000000003,1,-1,T_1,3,1,,,,
854,2019-03-14 11:27:14.554740,1,231483,30.1916,1,-1,T_1,3,2,,,,
855,2019-03-14 11:27:14.590718,1,231484,30.6916,1,-1,T_1,3,3,,,,
856,2019-03-14 11:27:14.626341,1,231485,30.9416,1,-1,T_1,3,4,,,,
857,2019-03-14 11:27:14.666042,1,231486,29.791600000000003,1,-1,T_2,3,1,,,,
858,2019-03-14 11:27:14.701164,1,231487,30.1916,1,-1,T_2,3,2,,,,
859,2019-03-14 11:27:14.747370,1,231488,30.6916,1,-1,T_2,3,3,,,,
860,2019-03-14 11:27:14.990810,1,231489,30.9416,1,-1,T_2,3,4,,,,
861,2019-03-14 11:27:15.031834,1,231490,29.791600000000003,1,-1,T_2,3,1,,,,
862,2019-03-14 11:27:15.067676,1,231491,30.1916,1,-1,T_2,3,2,,,,
863,2019-03-14 11:27:15.105239,1,231492,30.6916,1,-1,T_2,3,3,,,,
864,2019-03-14 11:27:15.345951,1,231493,30.9416,1,-1,T_2,3,4,,,,
865,2019-03-14 11:27:15.387308,1,231494,29.791600000000003,1,-1,T_2,3,1,,,,
866,2019-03-14 11:27:15.426534,1,231495,30.1916,1,-1,T_2,3,2,,,,
867,2019-03-14 11:27:15.464635,1,231496,30.6916,1,-1,T_2,3,3,,,,
868,2019-03-14 11:27:15.502046,1,231497,30.9416,1,-1,T_2,3,4,,,,
869,2019-03-14 11:27:15.548122,1,231498,29.791600000000003,1,-1,T_2,3,1,,,,
870,2019-03-14 11:27:15.585506,1,231499,30.1916,1,-1,T_2,3,2,,,,
871,2019-03-14 11:27:15.622932,1,231500,30.6916,1,-1,T_2,3,3,,,,
872,2019-03-14 11:27:15.659413,1,231501,30.9416,1,-1,T_2,3,4,,,,
873,2019-03-14 11:27:15.698839,1,231502,29.0,1,1,T_2,3,1,,,,
874,2019-03-14 11:27:15.733608,1,231503,28.6916,1,1,T_2,3,2,,,,
875,2019-03-14 11:27:15.769402,1,231504,28.4416,1,1,T_2,3,3,,,,
876,2019-03-14 11:27:15.811996,1,231505,28.1916,1,1,T_2,3,4,,,,
877,2019-03-14 11:27:15.856382,1,231506,29.0,1,-1,T_3,3,-1,,,,
878,2019-03-14 11:27:15.887049,4,231506,29.0,1,-1,T_3,3,-1,T_3,29.0,1,2019-03-14 11:27:16
879,2019-03-14 11:27:15.887049,4,231329,29.0,1,1,T_1,3,1,T_1,29.0,1,2019-03-14 11:27:07
880,2019-03-14 11:27:15.969378,1,231507,29.0,1,-1,T_3,3,-1,,,,
881,2019-03-14 11:27:16.000206,4,231507,29.0,1,-1,T_3,3,-1,T_3,29.0,1,2019-03-14 11:27:16
882,2019-03-14 11:27:16.000206,4,231337,29.0,1,1,T_2,3,1,T_2,29.0,1,2019-03-14 11:27:07
883,2019-03-14 11:27:16.076016,1,231508,29.0,1,-1,T_3,3,-1,,,,
884,2019-03-14 11:27:16.106780,4,231508,29.0,1,-1,T_3,3,-1,T_3,29.0,1,2019-03-14 11:27:16
885,2019-03-14 11:27:16.106780,4,231345,29.0,1,1,T_2,3,1,T_2,29.0,1,2019-03-14 11:27:08
886,2019-03-14 11:27:16.199743,1,231509,29.791600000000003,1,-1,T_1,3,1,,,,
887,2019-03-14 11:27:16.235376,1,231510,30.1916,1,-1,T_1,3,2,,,,
888,2019-03-14 11:27:16.270609,1,231511,30.6916,1,-1,T_1,3,3,,,,
889,2019-03-14 11:27:16.305736,1,231512,30.9416,1,-1,T_1,3,4,,,,
890,2019-03-14 11:27:16.351647,1,231513,29.0,1,1,T_1,3,1,,,,
891,2019-03-14 11:27:16.392328,1,231514,28.6916,1,1,T_1,3,2,,,,
892,2019-03-14 11:27:16.432066,1,231515,28.4416,1,1,T_1,3,3,,,,
893,2019-03-14 11:27:16.467544,1,231516,28.1916,1,1,T_1,3,4,,,,
894,2019-03-14 11:27:16.507747,1,231517,29.791600000000003,1,-1,T_1,3,1,,,,
895,2019-03-14 11:27:16.542159,1,231518,30.1916,1,-1,T_1,3,2,,,,
896,2019-03-14 11:27:16.577492,1,231519,30.6916,1,-1,T_1,3,3,,,,
897,2019-03-14 11:27:16.615383,1,231520,30.9416,1,-1,T_1,3,4,,,,
898,2019-03-14 11:27:16.656249,1,231521,29.0,1,1,T_1,3,1,,,,
899,2019-03-14 11:27:16.692624,1,231522,28.6916,1,1,T_1,3,2,,,,
900,2019-03-14 11:27:16.728597,1,231523,28.4416,1,1,T_1,3,3,,,,
901,2019-03-14 11:27:16.764629,1,231524,28.1916,1,1,T_1,3,4,,,,
902,2019-03-14 11:27:16.814605,1,231525,29.791600000000003,1,-1,T_2,3,1,,,,
903,2019-03-14 11:27:16.850436,1,231526,30.1916,1,-1,T_2,3,2,,,,
904,2019-03-14 11:27:16.889952,1,231527,30.6916,1,-1,T_2,3,3,,,,
905,2019-03-14 11:27:16.925460,1,231528,30.9416,1,-1,T_2,3,4,,,,
906,2019-03-14 11:27:16.964704,1,231529,29.791600000000003,1,-1,T_2,3,1,,,,
907,2019-03-14 11:27:16.999657,1,231530,30.1916,1,-1,T_2,3,2,,,,
908,2019-03-14 11:27:17.037904,1,231531,30.6916,1,-1,T_2,3,3,,,,
909,2019-03-14 11:27:17.074543,1,231532,30.9416,1,-1,T_2,3,4,,,,
910,2019-03-14 11:27:17.115989,1,231533,29.791600000000003,1,-1,T_2,3,1,,,,
911,2019-03-14 11:27:17.152200,1,231534,30.1916,1,-1,T_2,3,2,,,,
912,2019-03-14 11:27:17.190764,1,231535,30.6916,1,-1,T_2,3,3,,,,
913,2019-03-14 11:27:17.227926,1,231536,30.9416,1,-1,T_2,3,4,,,,
914,2019-03-14 11:27:17.270193,1,231537,29.791600000000003,1,-1,T_2,3,1,,,,
915,2019-03-14 11:27:17.311964,1,231538,30.1916,1,-1,T_2,3,2,,,,
916,2019-03-14 11:27:17.351156,1,231539,30.6916,1,-1,T_2,3,3,,,,
917,2019-03-14 11:27:17.387424,1,231540,30.9416,1,-1,T_2,3,4,,,,
918,2019-03-14 11:27:17.427886,1,231541,29.0,1,-1,T_3,3,-1,,,,
919,2019-03-14 11:27:17.458083,4,231541,29.0,1,-1,T_3,3,-1,T_3,29.0,1,2019-03-14 11:27:17
920,2019-03-14 11:27:17.458083,4,231355,29.0,1,1,T_1,3,1,T_1,29.0,1,2019-03-14 11:27:08
921,2019-03-14 11:27:17.547459,1,231542,29.0,1,-1,T_3,3,-1,,,,
922,2019-03-14 11:27:17.578893,4,231542,29.0,1,-1,T_3,3,-1,T_3,29.0,1,2019-03-14 11:27:18
923,2019-03-14 11:27:17.578893,4,231363,29.0,1,1,T_1,3,1,T_1,29.0,1,2019-03-14 11:27:09
924,2019-03-14 11:27:17.665131,1,231543,29.0,1,-1,T_3,3,-1,,,,
925,2019-03-14 11:27:17.696084,4,231543,29.0,1,-1,T_3,3,-1,T_3,29.0,1,2019-03-14 11:27:18
926,2019-03-14 11:27:17.696084,4,231367,29.0,1,1,T_1,3,1,T_1,29.0,1,2019-03-14 11:27:09
927,2019-03-14 11:27:17.770880,1,231544,29.0,1,-1,T_3,3,-1,,,,
928,2019-03-14 11:27:17.801115,4,231544,29.0,1,-1,T_3,3,-1,T_3,29.0,1,2019-03-14 11:27:18
929,2019-03-14 11:27:17.801115,4,231383,29.0,1,1,T_2,3,1,T_2,29.0,1,2019-03-14 11:27:09
930,2019-03-14 11:27:18.084724,1,231545,29.0,1,-1,T_3,3,-1,,,,
931,2019-03-14 11:27:18.117686,4,231545,29.0,1,-1,T_3,3,-1,T_3,29.0,1,2019-03-14 11:27:18
932,2019-03-14 11:27:18.117686,4,231392,29.0,1,1,T_1,3,1,T_1,29.0,1,2019-03-14 11:27:10
933,2019-03-14 11:27:18.207995,1,231546,29.791600000000003,1,-1,T_1,3,1,,,,
934,2019-03-14 11:27:18.243807,1,231547,30.1916,1,-1,T_1,3,2,,,,
935,2019-03-14 11:27:18.282398,1,231548,30.6916,1,-1,T_1,3,3,,,,
936,2019-03-14 11:27:18.318788,1,231549,30.9416,1,-1,T_1,3,4,,,,
937,2019-03-14 11:27:18.359327,1,231550,29.791600000000003,1,-1,T_1,3,1,,,,
938,2019-03-14 11:27:18.401152,1,231551,30.1916,1,-1,T_1,3,2,,,,
939,2019-03-14 11:27:18.437245,1,231552,30.6916,1,-1,T_1,3,3,,,,
940,2019-03-14 11:27:18.479019,1,231553,30.9416,1,-1,T_1,3,4,,,,
941,2019-03-14 11:27:18.523052,1,231554,29.791600000000003,1,-1,T_1,3,1,,,,
942,2019-03-14 11:27:18.561325,1,231555,30.1916,1,-1,T_1,3,2,,,,
943,2019-03-14 11:27:18.598144,1,231556,30.6916,1,-1,T_1,3,3,,,,
944,2019-03-14 11:27:18.637122,1,231557,30.9416,1,-1,T_1,3,4,,,,
945,2019-03-14 11:27:18.687738,1,231558,29.0,1,1,T_1,3,1,,,,
946,2019-03-14 11:27:18.725523,1,231559,28.6916,1,1,T_1,3,2,,,,
947,2019-03-14 11:27:18.761238,1,231560,28.4416,1,1,T_1,3,3,,,,
948,2019-03-14 11:27:18.796898,1,231561,28.1916,1,1,T_1,3,4,,,,
949,2019-03-14 11:27:18.836911,1,231562,29.791600000000003,1,-1,T_1,3,1,,,,
950,2019-03-14 11:27:18.872768,1,231563,30.1916,1,-1,T_1,3,2,,,,
951,2019-03-14 11:27:18.924522,1,231564,30.6916,1,-1,T_1,3,3,,,,
952,2019-03-14 11:27:18.959861,1,231565,30.9416,1,-1,T_1,3,4,,,,
953,2019-03-14 11:27:19.000303,1,231566,29.791600000000003,1,-1,T_2,3,1,,,,
954,2019-03-14 11:27:19.035699,1,231567,30.1916,1,-1,T_2,3,2,,,,
955,2019-03-14 11:27:19.072006,1,231568,30.6916,1,-1,T_2,3,3,,,,
956,2019-03-14 11:27:19.124028,1,231569,30.9416,1,-1,T_2,3,4,,,,
957,2019-03-14 11:27:19.170668,1,231570,29.791600000000003,1,-1,T_2,3,1,,,,
958,2019-03-14 11:27:19.206451,1,231571,30.1916,1,-1,T_2,3,2,,,,
959,2019-03-14 11:27:19.241585,1,231572,30.6916,1,-1,T_2,3,3,,,,
960,2019-03-14 11:27:19.277438,1,231573,30.9416,1,-1,T_2,3,4,,,,
961,2019-03-14 11:27:19.326817,1,231574,29.0,1,1,T_2,3,1,,,,
962,2019-03-14 11:27:19.366915,1,231575,28.6916,1,1,T_2,3,2,,,,
963,2019-03-14 11:27:19.404975,1,231576,28.4416,1,1,T_2,3,3,,,,
964,2019-03-14 11:27:19.442336,1,231577,28.1916,1,1,T_2,3,4,,,,
965,2019-03-14 11:27:19.489516,1,231578,29.0,1,1,T_2,3,1,,,,
966,2019-03-14 11:27:19.528196,1,231579,28.6916,1,1,T_2,3,2,,,,
967,2019-03-14 11:27:19.565494,1,231580,28.4416,1,1,T_2,3,3,,,,
968,2019-03-14 11:27:19.602400,1,231581,28.1916,1,1,T_2,3,4,,,,
969,2019-03-14 11:27:19.643230,1,231582,29.0,1,-1,T_3,3,-1,,,,
970,2019-03-14 11:27:19.674056,4,231582,29.0,1,-1,T_3,3,-1,T_3,29.0,1,2019-03-14 11:27:20
971,2019-03-14 11:27:19.674056,4,231416,29.0,1,1,T_2,3,1,T_2,29.0,1,2019-03-14 11:27:11
972,2019-03-14 11:27:19.761827,1,231583,29.0,1,-1,T_3,3,-1,,,,
973,2019-03-14 11:27:19.792823,4,231583,29.0,1,-1,T_3,3,-1,T_3,29.0,1,2019-03-14 11:27:20
974,2019-03-14 11:27:19.792823,4,231420,29.0,1,1,T_2,3,1,T_2,29.0,1,2019-03-14 11:27:11
975,2019-03-14 11:27:19.873125,1,231584,29.0,1,-1,T_3,3,-1,,,,
976,2019-03-14 11:27:19.902888,4,231584,29.0,1,-1,T_3,3,-1,T_3,29.0,1,2019-03-14 11:27:20
977,2019-03-14 11:27:19.902888,4,231428,29.0,1,1,T_2,3,1,T_2,29.0,1,2019-03-14 11:27:11
978,2019-03-14 11:27:19.997601,1,231585,29.791600000000003,1,-1,T_1,3,1,,,,
979,2019-03-14 11:27:20.035871,1,231586,30.1916,1,-1,T_1,3,2,,,,
980,2019-03-14 11:27:20.073108,1,231587,30.6916,1,-1,T_1,3,3,,,,
981,2019-03-14 11:27:20.109612,1,231588,30.9416,1,-1,T_1,3,4,,,,
982,2019-03-14 11:27:20.160292,1,231589,29.0,1,1,T_1,3,1,,,,
983,2019-03-14 11:27:20.197824,1,231590,28.6916,1,1,T_1,3,2,,,,
984,2019-03-14 11:27:20.236693,1,231591,28.4416,1,1,T_1,3,3,,,,
985,2019-03-14 11:27:20.279070,1,231592,28.1916,1,1,T_1,3,4,,,,
986,2019-03-14 11:27:20.334590,1,231593,29.0,1,1,T_2,3,1,,,,
987,2019-03-14 11:27:20.373350,1,231594,28.6916,1,1,T_2,3,2,,,,
988,2019-03-14 11:27:20.410860,1,231595,28.4416,1,1,T_2,3,3,,,,
989,2019-03-14 11:27:20.447697,1,231596,28.1916,1,1,T_2,3,4,,,,
990,2019-03-14 11:27:20.489699,1,231597,29.791600000000003,1,-1,T_2,3,1,,,,
991,2019-03-14 11:27:20.528427,1,231598,30.1916,1,-1,T_2,3,2,,,,
992,2019-03-14 11:27:20.564149,1,231599,30.6916,1,-1,T_2,3,3,,,,
993,2019-03-14 11:27:20.600935,1,231600,30.9416,1,-1,T_2,3,4,,,,
994,2019-03-14 11:27:20.641819,1,231601,29.0,1,1,T_2,3,1,,,,
995,2019-03-14 11:27:20.677351,1,231602,28.6916,1,1,T_2,3,2,,,,
996,2019-03-14 11:27:20.713461,1,231603,28.4416,1,1,T_2,3,3,,,,
997,2019-03-14 11:27:20.753488,1,231604,28.1916,1,1,T_2,3,4,,,,
998,2019-03-14 11:27:20.795416,1,231605,29.0,1,1,T_2,3,1,,,,
999,2019-03-14 11:27:20.831012,1,231606,28.6916,1,1,T_2,3,2,,,,
1000,2019-03-14 11:27:20.868857,1,231607,28.4416,1,1,T_2,3,3,,,,
1001,2019-03-14 11:27:20.906851,1,231608,28.1916,1,1,T_2,3,4,,,,
1002,2019-03-14 11:27:20.949569,1,231609,29.0,23,1,T_3,3,1,,,,
1003,2019-03-14 11:27:20.990987,1,231610,29.0,4,-1,T_3,3,-1,,,,
1004,2019-03-14 11:27:21.020910,4,231610,29.0,1,-1,T_3,3,-1,T_3,29.0,1,2019-03-14 11:27:21
1005,2019-03-14 11:27:21.020910,4,231610,29.0,1,-1,T_3,3,-1,T_3,29.0,1,2019-03-14 11:27:21
1006,2019-03-14 11:27:21.020910,4,231610,29.0,1,-1,T_3,3,-1,T_3,29.0,1,2019-03-14 11:27:21
1007,2019-03-14 11:27:21.020910,4,231610,29.0,1,-1,T_3,3,-1,T_3,29.0,1,2019-03-14 11:27:21
1008,2019-03-14 11:27:21.020910,4,231434,29.0,1,1,T_1,3,1,T_1,29.0,1,2019-03-14 11:27:12
1009,2019-03-14 11:27:21.020910,4,231446,29.0,1,1,T_1,3,1,T_1,29.0,1,2019-03-14 11:27:12
1010,2019-03-14 11:27:21.020910,4,231450,29.0,1,1,T_2,3,1,T_1,29.0,1,2019-03-14 11:27:12
1011,2019-03-14 11:27:21.020910,4,231454,29.0,1,1,T_2,3,1,T_1,29.0,1,2019-03-14 11:27:12
1012,2019-03-14 11:27:21.327155,1,231611,29.0,1,1,T_1,3,1,,,,
1013,2019-03-14 11:27:21.368146,1,231612,28.6916,1,1,T_1,3,2,,,,
1014,2019-03-14 11:27:21.406447,1,231613,28.4416,1,1,T_1,3,3,,,,
1015,2019-03-14 11:27:21.444495,1,231614,28.1916,1,1,T_1,3,4,,,,
1016,2019-03-14 11:27:21.486255,1,231615,29.0,1,1,T_1,3,1,,,,
1017,2019-03-14 11:27:21.522024,1,231616,28.6916,1,1,T_1,3,2,,,,
1018,2019-03-14 11:27:21.564151,1,231617,28.4416,1,1,T_1,3,3,,,,
1019,2019-03-14 11:27:21.605307,1,231618,28.1916,1,1,T_1,3,4,,,,
1020,2019-03-14 11:27:21.647116,1,231619,29.791600000000003,1,-1,T_1,3,1,,,,
1021,2019-03-14 11:27:21.683668,1,231620,30.1916,1,-1,T_1,3,2,,,,
1022,2019-03-14 11:27:21.720065,1,231621,30.6916,1,-1,T_1,3,3,,,,
1023,2019-03-14 11:27:21.756323,1,231622,30.9416,1,-1,T_1,3,4,,,,
1024,2019-03-14 11:27:21.797745,1,231623,29.791600000000003,1,-1,T_1,3,1,,,,
1025,2019-03-14 11:27:21.834733,1,231624,30.1916,1,-1,T_1,3,2,,,,
1026,2019-03-14 11:27:21.879124,1,231625,30.6916,1,-1,T_1,3,3,,,,
1027,2019-03-14 11:27:21.916433,1,231626,30.9416,1,-1,T_1,3,4,,,,
1028,2019-03-14 11:27:21.959573,1,231627,29.791600000000003,1,-1,T_1,3,1,,,,
1029,2019-03-14 11:27:21.995881,1,231628,30.1916,1,-1,T_1,3,2,,,,
1030,2019-03-14 11:27:22.032999,1,231629,30.6916,1,-1,T_1,3,3,,,,
1031,2019-03-14 11:27:22.069332,1,231630,30.9416,1,-1,T_1,3,4,,,,
1032,2019-03-14 11:27:22.111365,1,231631,29.791600000000003,1,-1,T_2,3,1,,,,
1033,2019-03-14 11:27:22.148318,1,231632,30.1916,1,-1,T_2,3,2,,,,
1034,2019-03-14 11:27:22.187215,1,231633,30.6916,1,-1,T_2,3,3,,,,
1035,2019-03-14 11:27:22.226849,1,231634,30.9416,1,-1,T_2,3,4,,,,
1036,2019-03-14 11:27:22.269871,1,231635,29.791600000000003,1,-1,T_2,3,1,,,,
1037,2019-03-14 11:27:22.307530,1,231636,30.1916,1,-1,T_2,3,2,,,,
1038,2019-03-14 11:27:22.346600,1,231637,30.6916,1,-1,T_2,3,3,,,,
1039,2019-03-14 11:27:22.384012,1,231638,30.9416,1,-1,T_2,3,4,,,,
1040,2019-03-14 11:27:22.427377,1,231639,29.791600000000003,1,-1,T_2,3,1,,,,
1041,2019-03-14 11:27:22.464606,1,231640,30.1916,1,-1,T_2,3,2,,,,
1042,2019-03-14 11:27:22.504333,1,231641,30.6916,1,-1,T_2,3,3,,,,
1043,2019-03-14 11:27:22.543148,1,231642,30.9416,1,-1,T_2,3,4,,,,
1044,2019-03-14 11:27:22.588901,1,231643,29.791600000000003,1,-1,T_2,3,1,,,,
1045,2019-03-14 11:27:22.625887,1,231644,30.1916,1,-1,T_2,3,2,,,,
1046,2019-03-14 11:27:22.667629,1,231645,30.6916,1,-1,T_2,3,3,,,,
1047,2019-03-14 11:27:22.705369,1,231646,30.9416,1,-1,T_2,3,4,,,,
1048,2019-03-14 11:27:22.757534,1,231647,29.0,3,-1,T_3,3,-1,,,,
1049,2019-03-14 11:27:22.787832,4,231647,29.0,1,-1,T_3,3,-1,T_3,29.0,1,2019-03-14 11:27:23
1050,2019-03-14 11:27:22.787832,4,231647,29.0,1,-1,T_3,3,-1,T_3,29.0,1,2019-03-14 11:27:23
1051,2019-03-14 11:27:22.787832,4,231647,29.0,1,-1,T_3,3,-1,T_3,29.0,1,2019-03-14 11:27:23
1052,2019-03-14 11:27:22.787832,4,231458,29.0,1,1,T_2,3,1,T_2,29.0,1,2019-03-14 11:27:13
1053,2019-03-14 11:27:22.787832,4,231466,29.0,1,1,T_1,3,1,T_2,29.0,1,2019-03-14 11:27:13
1054,2019-03-14 11:27:22.787832,4,231478,29.0,1,1,T_1,3,1,T_2,29.0,1,2019-03-14 11:27:13
1055,2019-03-14 11:27:23.001493,1,231648,29.0,3,-1,T_3,3,-1,,,,
1056,2019-03-14 11:27:23.035538,4,231648,29.0,1,-1,T_3,3,-1,T_3,29.0,1,2019-03-14 11:27:23
1057,2019-03-14 11:27:23.035538,4,231648,29.0,1,-1,T_3,3,-1,T_3,29.0,1,2019-03-14 11:27:23
1058,2019-03-14 11:27:23.035538,4,231648,29.0,1,-1,T_3,3,-1,T_3,29.0,1,2019-03-14 11:27:23
1059,2019-03-14 11:27:23.035538,4,231502,29.0,1,1,T_2,3,1,T_2,29.0,1,2019-03-14 11:27:16
1060,2019-03-14 11:27:23.035538,4,231513,29.0,1,1,T_1,3,1,T_2,29.0,1,2019-03-14 11:27:16
1061,2019-03-14 11:27:23.035538,4,231521,29.0,1,1,T_1,3,1,T_2,29.0,1,2019-03-14 11:27:16
1062,2019-03-14 11:27:23.463554,1,231649,29.0,3,-1,T_3,3,-1,,,,
1063,2019-03-14 11:27:23.494567,4,231649,29.0,1,-1,T_3,3,-1,T_3,29.0,1,2019-03-14 11:27:23
1064,2019-03-14 11:27:23.494567,4,231649,29.0,1,-1,T_3,3,-1,T_3,29.0,1,2019-03-14 11:27:23
1065,2019-03-14 11:27:23.494567,4,231649,29.0,1,-1,T_3,3,-1,T_3,29.0,1,2019-03-14 11:27:23
1066,2019-03-14 11:27:23.494567,4,231558,29.0,1,1,T_1,3,1,T_1,29.0,1,2019-03-14 11:27:19
1067,2019-03-14 11:27:23.494567,4,231574,29.0,1,1,T_2,3,1,T_1,29.0,1,2019-03-14 11:27:19
1068,2019-03-14 11:27:23.494567,4,231578,29.0,1,1,T_2,3,1,T_1,29.0,1,2019-03-14 11:27:19
1069,2019-03-14 11:27:23.714417,1,231650,29.0,2,-1,T_3,3,-1,,,,
1070,2019-03-14 11:27:23.747356,4,231650,29.0,1,-1,T_3,3,-1,T_3,29.0,1,2019-03-14 11:27:24
1071,2019-03-14 11:27:23.747356,4,231650,29.0,1,-1,T_3,3,-1,T_3,29.0,1,2019-03-14 11:27:24
1072,2019-03-14 11:27:23.747356,4,231589,29.0,1,1,T_1,3,1,T_1,29.0,1,2019-03-14 11:27:20
1073,2019-03-14 11:27:23.747356,4,231593,29.0,1,1,T_2,3,1,T_1,29.0,1,2019-03-14 11:27:20
1074,2019-03-14 11:27:23.910421,1,231651,29.791600000000003,1,-1,T_1,3,1,,,,
1075,2019-03-14 11:27:23.947590,1,231652,30.1916,1,-1,T_1,3,2,,,,
1076,2019-03-14 11:27:23.985577,1,231653,30.6916,1,-1,T_1,3,3,,,,
1077,2019-03-14 11:27:24.021518,1,231654,30.9416,1,-1,T_1,3,4,,,,
1078,2019-03-14 11:27:24.064431,1,231655,29.791600000000003,1,-1,T_1,3,1,,,,
1079,2019-03-14 11:27:24.101360,1,231656,30.1916,1,-1,T_1,3,2,,,,
1080,2019-03-14 11:27:24.137716,1,231657,30.6916,1,-1,T_1,3,3,,,,
1081,2019-03-14 11:27:24.175121,1,231658,30.9416,1,-1,T_1,3,4,,,,
1082,2019-03-14 11:27:24.222080,1,231659,29.791600000000003,1,-1,T_1,3,1,,,,
1083,2019-03-14 11:27:24.258727,1,231660,30.1916,1,-1,T_1,3,2,,,,
1084,2019-03-14 11:27:24.294830,1,231661,30.6916,1,-1,T_1,3,3,,,,
1085,2019-03-14 11:27:24.332679,1,231662,30.9416,1,-1,T_1,3,4,,,,
1086,2019-03-14 11:27:24.378991,1,231663,29.791600000000003,1,-1,T_1,3,1,,,,
1087,2019-03-14 11:27:24.416042,1,231664,30.1916,1,-1,T_1,3,2,,,,
1088,2019-03-14 11:27:24.453584,1,231665,30.6916,1,-1,T_1,3,3,,,,
1089,2019-03-14 11:27:24.491076,1,231666,30.9416,1,-1,T_1,3,4,,,,
1090,2019-03-14 11:27:24.540793,1,231667,29.791600000000003,1,-1,T_2,3,1,,,,
1091,2019-03-14 11:27:24.579043,1,231668,30.1916,1,-1,T_2,3,2,,,,
1092,2019-03-14 11:27:24.615391,1,231669,30.6916,1,-1,T_2,3,3,,,,
1093,2019-03-14 11:27:24.652470,1,231670,30.9416,1,-1,T_2,3,4,,,,
1094,2019-03-14 11:27:24.694176,1,231671,29.791600000000003,1,-1,T_2,3,1,,,,
1095,2019-03-14 11:27:24.730850,1,231672,30.1916,1,-1,T_2,3,2,,,,
1096,2019-03-14 11:27:24.769364,1,231673,30.6916,1,-1,T_2,3,3,,,,
1097,2019-03-14 11:27:24.806887,1,231674,30.9416,1,-1,T_2,3,4,,,,
1098,2019-03-14 11:27:24.849029,1,231675,29.0,1,1,T_2,3,1,,,,
1099,2019-03-14 11:27:24.886011,1,231676,28.6916,1,1,T_2,3,2,,,,
1100,2019-03-14 11:27:24.923717,1,231677,28.4416,1,1,T_2,3,3,,,,
1101,2019-03-14 11:27:24.962308,1,231678,28.1916,1,1,T_2,3,4,,,,
1102,2019-03-14 11:27:25.004750,1,231679,29.791600000000003,1,-1,T_2,3,1,,,,
1103,2019-03-14 11:27:25.040849,1,231680,30.1916,1,-1,T_2,3,2,,,,
1104,2019-03-14 11:27:25.078618,1,231681,30.6916,1,-1,T_2,3,3,,,,
1105,2019-03-14 11:27:25.115669,1,231682,30.9416,1,-1,T_2,3,4,,,,
1106,2019-03-14 11:27:25.164231,1,231683,29.0,26,1,T_3,3,1,,,,
1107,2019-03-14 11:27:25.206857,1,231684,29.0,5,-1,T_3,3,-1,,,,
1108,2019-03-14 11:27:25.240433,4,231684,29.0,1,-1,T_3,3,-1,T_3,29.0,1,2019-03-14 11:27:25
1109,2019-03-14 11:27:25.240433,4,231684,29.0,1,-1,T_3,3,-1,T_3,29.0,1,2019-03-14 11:27:25
1110,2019-03-14 11:27:25.240433,4,231684,29.0,3,-1,T_3,3,-1,T_3,29.0,3,2019-03-14 11:27:25
1111,2019-03-14 11:27:25.240433,4,231601,29.0,1,1,T_2,3,1,T_2,29.0,1,2019-03-14 11:27:21
1112,2019-03-14 11:27:25.240433,4,231605,29.0,1,1,T_2,3,1,T_2,29.0,1,2019-03-14 11:27:21
1113,2019-03-14 11:27:25.240433,4,231609,29.0,3,1,T_3,3,1,T_2,29.0,1,2019-03-14 11:27:21
1114,2019-03-14 11:27:25.460174,1,231685,29.0,4,-1,T_3,3,-1,,,,
1115,2019-03-14 11:27:25.490704,4,231685,29.0,4,-1,T_3,3,-1,T_3,29.0,4,2019-03-14 11:27:25
1116,2019-03-14 11:27:25.490704,4,231609,29.0,4,1,T_3,3,1,T_3,29.0,4,2019-03-14 11:27:21
1117,2019-03-14 11:27:25.574105,1,231686,29.0,4,-1,T_3,3,-1,,,,
1118,2019-03-14 11:27:25.604182,4,231686,29.0,4,-1,T_3,3,-1,T_3,29.0,4,2019-03-14 11:27:26
1119,2019-03-14 11:27:25.604182,4,231609,29.0,4,1,T_3,3,1,T_3,29.0,4,2019-03-14 11:27:21
1120,2019-03-14 11:27:25.682852,1,231687,29.0,4,-1,T_3,3,-1,,,,
1121,2019-03-14 11:27:25.714985,4,231687,29.0,4,-1,T_3,3,-1,T_3,29.0,4,2019-03-14 11:27:26
1122,2019-03-14 11:27:25.714985,4,231609,29.0,4,1,T_3,3,1,T_3,29.0,4,2019-03-14 11:27:21
1123,2019-03-14 11:27:25.813530,1,231688,29.0,1,1,T_1,3,1,,,,
1124,2019-03-14 11:27:25.853290,1,231689,28.6916,1,1,T_1,3,2,,,,
1125,2019-03-14 11:27:25.891987,1,231690,28.4416,1,1,T_1,3,3,,,,
1126,2019-03-14 11:27:25.932227,1,231691,28.1916,1,1,T_1,3,4,,,,
1127,2019-03-14 11:27:25.974229,1,231692,29.791600000000003,1,-1,T_1,3,1,,,,
1128,2019-03-14 11:27:26.010590,1,231693,30.1916,1,-1,T_1,3,2,,,,
1129,2019-03-14 11:27:26.046942,1,231694,30.6916,1,-1,T_1,3,3,,,,
1130,2019-03-14 11:27:26.083262,1,231695,30.9416,1,-1,T_1,3,4,,,,
1131,2019-03-14 11:27:26.125921,1,231696,29.791600000000003,1,-1,T_1,3,1,,,,
1132,2019-03-14 11:27:26.166933,1,231697,30.1916,1,-1,T_1,3,2,,,,
1133,2019-03-14 11:27:26.203952,1,231698,30.6916,1,-1,T_1,3,3,,,,
1134,2019-03-14 11:27:26.241307,1,231699,30.9416,1,-1,T_1,3,4,,,,
1135,2019-03-14 11:27:26.283407,1,231700,29.791600000000003,1,-1,T_1,3,1,,,,
1136,2019-03-14 11:27:26.320584,1,231701,30.1916,1,-1,T_1,3,2,,,,
1137,2019-03-14 11:27:26.362194,1,231702,30.6916,1,-1,T_1,3,3,,,,
1138,2019-03-14 11:27:26.401034,1,231703,30.9416,1,-1,T_1,3,4,,,,
1139,2019-03-14 11:27:26.445808,1,231704,29.0,1,1,T_1,3,1,,,,
1140,2019-03-14 11:27:26.482168,1,231705,28.6916,1,1,T_1,3,2,,,,
1141,2019-03-14 11:27:26.518132,1,231706,28.4416,1,1,T_1,3,3,,,,
1142,2019-03-14 11:27:26.555946,1,231707,28.1916,1,1,T_1,3,4,,,,
1143,2019-03-14 11:27:26.598801,1,231708,29.791600000000003,1,-1,T_2,3,1,,,,
1144,2019-03-14 11:27:26.636668,1,231709,30.1916,1,-1,T_2,3,2,,,,
1145,2019-03-14 11:27:26.673994,1,231710,30.6916,1,-1,T_2,3,3,,,,
1146,2019-03-14 11:27:26.710406,1,231711,30.9416,1,-1,T_2,3,4,,,,
1147,2019-03-14 11:27:26.752863,1,231712,29.791600000000003,1,-1,T_2,3,1,,,,
1148,2019-03-14 11:27:26.789618,1,231713,30.1916,1,-1,T_2,3,2,,,,
1149,2019-03-14 11:27:26.827706,1,231714,30.6916,1,-1,T_2,3,3,,,,
1150,2019-03-14 11:27:27.070428,1,231715,30.9416,1,-1,T_2,3,4,,,,
1151,2019-03-14 11:27:27.119385,1,231716,29.791600000000003,1,-1,T_2,3,1,,,,
1152,2019-03-14 11:27:27.157478,1,231717,30.1916,1,-1,T_2,3,2,,,,
1153,2019-03-14 11:27:27.197769,1,231718,30.6916,1,-1,T_2,3,3,,,,
1154,2019-03-14 11:27:27.235607,1,231719,30.9416,1,-1,T_2,3,4,,,,
1155,2019-03-14 11:27:27.278510,1,231720,29.0,1,1,T_2,3,1,,,,
1156,2019-03-14 11:27:27.333778,1,231721,28.6916,1,1,T_2,3,2,,,,
1157,2019-03-14 11:27:27.374142,1,231722,28.4416,1,1,T_2,3,3,,,,
1158,2019-03-14 11:27:27.410719,1,231723,28.1916,1,1,T_2,3,4,,,,
1159,2019-03-14 11:27:27.454052,1,231724,29.0,4,-1,T_3,3,-1,,,,
1160,2019-03-14 11:27:27.484623,4,231724,29.0,4,-1,T_3,3,-1,T_3,29.0,4,2019-03-14 11:27:27
1161,2019-03-14 11:27:27.484623,4,231609,29.0,4,1,T_3,3,1,T_3,29.0,4,2019-03-14 11:27:21
1162,2019-03-14 11:27:27.606483,1,231725,29.791600000000003,1,-1,T_1,3,1,,,,
1163,2019-03-14 11:27:27.643984,1,231726,30.1916,1,-1,T_1,3,2,,,,
1164,2019-03-14 11:27:27.682841,1,231727,30.6916,1,-1,T_1,3,3,,,,
1165,2019-03-14 11:27:27.718891,1,231728,30.9416,1,-1,T_1,3,4,,,,
1166,2019-03-14 11:27:27.772317,1,231729,29.791600000000003,1,-1,T_1,3,1,,,,
1167,2019-03-14 11:27:27.810560,1,231730,30.1916,1,-1,T_1,3,2,,,,
1168,2019-03-14 11:27:27.849139,1,231731,30.6916,1,-1,T_1,3,3,,,,
1169,2019-03-14 11:27:27.891311,1,231732,30.9416,1,-1,T_1,3,4,,,,
1170,2019-03-14 11:27:27.934660,1,231733,29.0,1,1,T_1,3,1,,,,
1171,2019-03-14 11:27:27.974682,1,231734,28.6916,1,1,T_1,3,2,,,,
1172,2019-03-14 11:27:28.013290,1,231735,28.4416,1,1,T_1,3,3,,,,
1173,2019-03-14 11:27:28.053819,1,231736,28.1916,1,1,T_1,3,4,,,,
1174,2019-03-14 11:27:28.099981,1,231737,29.791600000000003,1,-1,T_1,3,1,,,,
1175,2019-03-14 11:27:28.138569,1,231738,30.1916,1,-1,T_1,3,2,,,,
1176,2019-03-14 11:27:28.175869,1,231739,30.6916,1,-1,T_1,3,3,,,,
1177,2019-03-14 11:27:28.213360,1,231740,30.9416,1,-1,T_1,3,4,,,,
1178,2019-03-14 11:27:28.256678,1,231741,29.0,1,1,T_1,3,1,,,,
1179,2019-03-14 11:27:28.294150,1,231742,28.6916,1,1,T_1,3,2,,,,
1180,2019-03-14 11:27:28.331467,1,231743,28.4416,1,1,T_1,3,3,,,,
1181,2019-03-14 11:27:28.370042,1,231744,28.1916,1,1,T_1,3,4,,,,
1182,2019-03-14 11:27:28.417970,1,231745,29.0,1,1,T_2,3,1,,,,
1183,2019-03-14 11:27:28.456697,1,231746,28.6916,1,1,T_2,3,2,,,,
1184,2019-03-14 11:27:28.495249,1,231747,28.4416,1,1,T_2,3,3,,,,
1185,2019-03-14 11:27:28.532074,1,231748,28.1916,1,1,T_2,3,4,,,,
1186,2019-03-14 11:27:28.576337,1,231749,29.791600000000003,1,-1,T_2,3,1,,,,
1187,2019-03-14 11:27:28.615793,1,231750,30.1916,1,-1,T_2,3,2,,,,
1188,2019-03-14 11:27:28.657188,1,231751,30.6916,1,-1,T_2,3,3,,,,
1189,2019-03-14 11:27:28.701535,1,231752,30.9416,1,-1,T_2,3,4,,,,
1190,2019-03-14 11:27:28.753846,1,231753,29.791600000000003,1,-1,T_2,3,1,,,,
1191,2019-03-14 11:27:28.791900,1,231754,30.1916,1,-1,T_2,3,2,,,,
1192,2019-03-14 11:27:28.831831,1,231755,30.6916,1,-1,T_2,3,3,,,,
1193,2019-03-14 11:27:28.870221,1,231756,30.9416,1,-1,T_2,3,4,,,,
1194,2019-03-14 11:27:28.917503,1,231757,29.791600000000003,1,-1,T_2,3,1,,,,
1195,2019-03-14 11:27:28.955539,1,231758,30.1916,1,-1,T_2,3,2,,,,
1196,2019-03-14 11:27:28.993469,1,231759,30.6916,1,-1,T_2,3,3,,,,
1197,2019-03-14 11:27:29.031388,1,231760,30.9416,1,-1,T_2,3,4,,,,
1198,2019-03-14 11:27:29.076880,1,231761,29.0,28,1,T_3,3,1,,,,
1199,2019-03-14 11:27:29.121449,1,231762,29.0,6,-1,T_3,3,-1,,,,
1200,2019-03-14 11:27:29.152567,4,231762,29.0,4,-1,T_3,3,-1,T_3,29.0,4,2019-03-14 11:27:29
1201,2019-03-14 11:27:29.152567,4,231762,29.0,1,-1,T_3,3,-1,T_3,29.0,1,2019-03-14 11:27:29
1202,2019-03-14 11:27:29.152567,4,231762,29.0,1,-1,T_3,3,-1,T_3,29.0,1,2019-03-14 11:27:29
1203,2019-03-14 11:27:29.152567,4,231609,29.0,4,1,T_3,3,1,T_3,29.0,4,2019-03-14 11:27:21
1204,2019-03-14 11:27:29.152567,4,231611,29.0,1,1,T_1,3,1,T_3,29.0,4,2019-03-14 11:27:21
1205,2019-03-14 11:27:29.152567,4,231615,29.0,1,1,T_1,3,1,T_3,29.0,4,2019-03-14 11:27:21
1206,2019-03-14 11:27:29.378626,1,231763,29.0,6,-1,T_3,3,-1,,,,
1207,2019-03-14 11:27:29.410252,4,231763,29.0,1,-1,T_3,3,-1,T_3,29.0,1,2019-03-14 11:27:29
1208,2019-03-14 11:27:29.410252,4,231763,29.0,5,-1,T_3,3,-1,T_3,29.0,5,2019-03-14 11:27:29
1209,2019-03-14 11:27:29.410252,4,231675,29.0,1,1,T_2,3,1,T_2,29.0,1,2019-03-14 11:27:25
1210,2019-03-14 11:27:29.410252,4,231683,29.0,5,1,T_3,3,1,T_2,29.0,1,2019-03-14 11:27:25
1211,2019-03-14 11:27:29.572360,1,231764,29.0,5,-1,T_3,3,-1,,,,
1212,2019-03-14 11:27:29.603691,4,231764,29.0,5,-1,T_3,3,-1,T_3,29.0,5,2019-03-14 11:27:30
1213,2019-03-14 11:27:29.603691,4,231683,29.0,5,1,T_3,3,1,T_3,29.0,5,2019-03-14 11:27:25
1214,2019-03-14 11:27:29.685417,1,231765,29.0,5,-1,T_3,3,-1,,,,
1215,2019-03-14 11:27:29.717533,4,231765,29.0,5,-1,T_3,3,-1,T_3,29.0,5,2019-03-14 11:27:30
1216,2019-03-14 11:27:29.717533,4,231683,29.0,5,1,T_3,3,1,T_3,29.0,5,2019-03-14 11:27:25
1217,2019-03-14 11:27:29.826343,1,231766,29.791600000000003,1,-1,T_1,3,1,,,,
1218,2019-03-14 11:27:29.863812,1,231767,30.1916,1,-1,T_1,3,2,,,,
1219,2019-03-14 11:27:29.901273,1,231768,30.6916,1,-1,T_1,3,3,,,,
1220,2019-03-14 11:27:29.940741,1,231769,30.9416,1,-1,T_1,3,4,,,,
1221,2019-03-14 11:27:30.000903,1,231770,29.0,1,1,T_1,3,1,,,,
1222,2019-03-14 11:27:30.039358,1,231771,28.6916,1,1,T_1,3,2,,,,
1223,2019-03-14 11:27:30.077223,1,231772,28.4416,1,1,T_1,3,3,,,,
1224,2019-03-14 11:27:30.116945,1,231773,28.1916,1,1,T_1,3,4,,,,
1225,2019-03-14 11:27:30.159866,1,231774,29.791600000000003,1,-1,T_2,3,1,,,,
1226,2019-03-14 11:27:30.198621,1,231775,30.1916,1,-1,T_2,3,2,,,,
1227,2019-03-14 11:27:30.236476,1,231776,30.6916,1,-1,T_2,3,3,,,,
1228,2019-03-14 11:27:30.274270,1,231777,30.9416,1,-1,T_2,3,4,,,,
1229,2019-03-14 11:27:30.320838,1,231778,29.0,1,1,T_2,3,1,,,,
1230,2019-03-14 11:27:30.359859,1,231779,28.6916,1,1,T_2,3,2,,,,
1231,2019-03-14 11:27:30.408309,1,231780,28.4416,1,1,T_2,3,3,,,,
1232,2019-03-14 11:27:30.448596,1,231781,28.1916,1,1,T_2,3,4,,,,
1233,2019-03-14 11:27:30.497310,1,231782,29.0,1,1,T_2,3,1,,,,
1234,2019-03-14 11:27:30.537398,1,231783,28.6916,1,1,T_2,3,2,,,,
1235,2019-03-14 11:27:30.575178,1,231784,28.4416,1,1,T_2,3,3,,,,
1236,2019-03-14 11:27:30.612354,1,231785,28.1916,1,1,T_2,3,4,,,,
1237,2019-03-14 11:27:30.656259,1,231786,29.791600000000003,1,-1,T_2,3,1,,,,
1238,2019-03-14 11:27:30.694355,1,231787,30.1916,1,-1,T_2,3,2,,,,
1239,2019-03-14 11:27:30.731707,1,231788,30.6916,1,-1,T_2,3,3,,,,
1240,2019-03-14 11:27:30.772969,1,231789,30.9416,1,-1,T_2,3,4,,,,
1241,2019-03-14 11:27:30.816900,1,231790,29.0,4,-1,T_3,3,-1,,,,
1242,2019-03-14 11:27:30.847531,4,231790,29.0,4,-1,T_3,3,-1,T_3,29.0,4,2019-03-14 11:27:31
1243,2019-03-14 11:27:30.847531,4,231683,29.0,4,1,T_3,3,1,T_3,29.0,4,2019-03-14 11:27:25
1244,2019-03-14 11:27:30.934267,1,231791,29.0,29,1,T_3,3,1,,,,
1245,2019-03-14 11:27:30.978850,1,231792,29.0,7,-1,T_3,3,-1,,,,
1246,2019-03-14 11:27:31.010579,4,231792,29.0,7,-1,T_3,3,-1,T_3,29.0,7,2019-03-14 11:27:31
1247,2019-03-14 11:27:31.010579,4,231683,29.0,7,1,T_3,3,1,T_3,29.0,7,2019-03-14 11:27:25
1248,2019-03-14 11:27:31.090122,1,231793,29.0,6,-1,T_3,3,-1,,,,
1249,2019-03-14 11:27:31.121018,4,231793,29.0,1,-1,T_3,3,-1,T_3,29.0,1,2019-03-14 11:27:31
1250,2019-03-14 11:27:31.121018,4,231793,29.0,1,-1,T_3,3,-1,T_3,29.0,1,2019-03-14 11:27:31
1251,2019-03-14 11:27:31.121018,4,231793,29.0,1,-1,T_3,3,-1,T_3,29.0,1,2019-03-14 11:27:31
1252,2019-03-14 11:27:31.121018,4,231793,29.0,1,-1,T_3,3,-1,T_3,29.0,1,2019-03-14 11:27:31
1253,2019-03-14 11:27:31.121018,4,231793,29.0,1,-1,T_3,3,-1,T_3,29.0,1,2019-03-14 11:27:31
1254,2019-03-14 11:27:31.121018,4,231793,29.0,1,-1,T_3,3,-1,T_3,29.0,1,2019-03-14 11:27:31
1255,2019-03-14 11:27:31.121018,4,231688,29.0,1,1,T_1,3,1,T_1,29.0,1,2019-03-14 11:27:26
1256,2019-03-14 11:27:31.121018,4,231704,29.0,1,1,T_1,3,1,T_1,29.0,1,2019-03-14 11:27:26
1257,2019-03-14 11:27:31.121018,4,231720,29.0,1,1,T_2,3,1,T_1,29.0,1,2019-03-14 11:27:26
1258,2019-03-14 11:27:31.121018,4,231733,29.0,1,1,T_1,3,1,T_1,29.0,1,2019-03-14 11:27:26
1259,2019-03-14 11:27:31.121018,4,231741,29.0,1,1,T_1,3,1,T_1,29.0,1,2019-03-14 11:27:26
1260,2019-03-14 11:27:31.121018,4,231745,29.0,1,1,T_2,3,1,T_1,29.0,1,2019-03-14 11:27:26
1261,2019-03-14 11:27:31.563876,1,231794,29.0,6,-1,T_3,3,-1,,,,
1262,2019-03-14 11:27:31.597625,4,231794,29.0,6,-1,T_3,3,-1,T_3,29.0,6,2019-03-14 11:27:32
1263,2019-03-14 11:27:31.597625,4,231761,29.0,6,1,T_3,3,1,T_3,29.0,6,2019-03-14 11:27:29
1264,2019-03-14 11:27:31.700230,1,231795,29.0,1,1,T_1,3,1,,,,
1265,2019-03-14 11:27:31.738455,1,231796,28.6916,1,1,T_1,3,2,,,,
1266,2019-03-14 11:27:31.776629,1,231797,28.4416,1,1,T_1,3,3,,,,
1267,2019-03-14 11:27:31.814744,1,231798,28.1916,1,1,T_1,3,4,,,,
1268,2019-03-14 11:27:31.858142,1,231799,29.791600000000003,1,-1,T_1,3,1,,,,
1269,2019-03-14 11:27:31.897375,1,231800,30.1916,1,-1,T_1,3,2,,,,
1270,2019-03-14 11:27:31.934388,1,231801,30.6916,1,-1,T_1,3,3,,,,
1271,2019-03-14 11:27:31.971902,1,231802,30.9416,1,-1,T_1,3,4,,,,
1272,2019-03-14 11:27:32.027795,1,231803,29.0,1,1,T_1,3,1,,,,
1273,2019-03-14 11:27:32.067105,1,231804,28.6916,1,1,T_1,3,2,,,,
1274,2019-03-14 11:27:32.105159,1,231805,28.4416,1,1,T_1,3,3,,,,
1275,2019-03-14 11:27:32.147369,1,231806,28.1916,1,1,T_1,3,4,,,,
1276,2019-03-14 11:27:32.192731,1,231807,29.0,1,1,T_2,3,1,,,,
1277,2019-03-14 11:27:32.230664,1,231808,28.6916,1,1,T_2,3,2,,,,
1278,2019-03-14 11:27:32.268415,1,231809,28.4416,1,1,T_2,3,3,,,,
1279,2019-03-14 11:27:32.306672,1,231810,28.1916,1,1,T_2,3,4,,,,
1280,2019-03-14 11:27:32.352818,1,231811,29.791600000000003,1,-1,T_2,3,1,,,,
1281,2019-03-14 11:27:32.392962,1,231812,30.1916,1,-1,T_2,3,2,,,,
1282,2019-03-14 11:27:32.431502,1,231813,30.6916,1,-1,T_2,3,3,,,,
1283,2019-03-14 11:27:32.469466,1,231814,30.9416,1,-1,T_2,3,4,,,,
1284,2019-03-14 11:27:32.516269,1,231815,29.791600000000003,1,-1,T_2,3,1,,,,
1285,2019-03-14 11:27:32.558373,1,231816,30.1916,1,-1,T_2,3,2,,,,
1286,2019-03-14 11:27:32.599076,1,231817,30.6916,1,-1,T_2,3,3,,,,
1287,2019-03-14 11:27:32.639968,1,231818,30.9416,1,-1,T_2,3,4,,,,
1288,2019-03-14 11:27:32.687074,1,231819,29.0,1,1,T_2,3,1,,,,
1289,2019-03-14 11:27:32.725133,1,231820,28.6916,1,1,T_2,3,2,,,,
1290,2019-03-14 11:27:32.764637,1,231821,28.4416,1,1,T_2,3,3,,,,
1291,2019-03-14 11:27:32.803729,1,231822,28.1916,1,1,T_2,3,4,,,,
1292,2019-03-14 11:27:32.848549,1,231823,29.0,1,1,T_2,3,1,,,,
1293,2019-03-14 11:27:32.887530,1,231824,28.6916,1,1,T_2,3,2,,,,
1294,2019-03-14 11:27:32.926414,1,231825,28.4416,1,1,T_2,3,3,,,,
1295,2019-03-14 11:27:32.966180,1,231826,28.1916,1,1,T_2,3,4,,,,
1296,2019-03-14 11:27:33.011476,1,231827,29.0,5,-1,T_3,3,-1,,,,
1297,2019-03-14 11:27:33.043862,4,231827,29.0,5,-1,T_3,3,-1,T_3,29.0,5,2019-03-14 11:27:33
1298,2019-03-14 11:27:33.043862,4,231761,29.0,5,1,T_3,3,1,T_3,29.0,5,2019-03-14 11:27:29
1299,2019-03-14 11:27:33.127776,1,231828,29.0,5,-1,T_3,3,-1,,,,
1300,2019-03-14 11:27:33.158715,4,231828,29.0,5,-1,T_3,3,-1,T_3,29.0,5,2019-03-14 11:27:33
1301,2019-03-14 11:27:33.158715,4,231761,29.0,5,1,T_3,3,1,T_3,29.0,5,2019-03-14 11:27:29
1302,2019-03-14 11:27:33.292550,1,231829,29.0,4,-1,T_3,3,-1,,,,
1303,2019-03-14 11:27:33.323566,4,231829,29.0,4,-1,T_3,3,-1,T_3,29.0,4,2019-03-14 11:27:33
1304,2019-03-14 11:27:33.323566,4,231761,29.0,4,1,T_3,3,1,T_3,29.0,4,2019-03-14 11:27:29
1305,2019-03-14 11:27:33.412657,1,231830,29.0,4,-1,T_3,3,-1,,,,
1306,2019-03-14 11:27:33.444530,4,231830,29.0,4,-1,T_3,3,-1,T_3,29.0,4,2019-03-14 11:27:33
1307,2019-03-14 11:27:33.444530,4,231761,29.0,4,1,T_3,3,1,T_3,29.0,4,2019-03-14 11:27:29
1308,2019-03-14 11:27:33.567414,1,231831,29.791600000000003,1,-1,T_1,3,1,,,,
1309,2019-03-14 11:27:33.606008,1,231832,30.1916,1,-1,T_1,3,2,,,,
1310,2019-03-14 11:27:33.648116,1,231833,30.6916,1,-1,T_1,3,3,,,,
1311,2019-03-14 11:27:33.695434,1,231834,30.9416,1,-1,T_1,3,4,,,,
1312,2019-03-14 11:27:33.750487,1,231835,29.0,1,1,T_1,3,1,,,,
1313,2019-03-14 11:27:33.789228,1,231836,28.6916,1,1,T_1,3,2,,,,
1314,2019-03-14 11:27:33.826803,1,231837,28.4416,1,1,T_1,3,3,,,,
1315,2019-03-14 11:27:33.865926,1,231838,28.1916,1,1,T_1,3,4,,,,
1316,2019-03-14 11:27:33.913532,1,231839,29.0,1,1,T_1,3,1,,,,
1317,2019-03-14 11:27:33.951102,1,231840,28.6916,1,1,T_1,3,2,,,,
1318,2019-03-14 11:27:33.988858,1,231841,28.4416,1,1,T_1,3,3,,,,
1319,2019-03-14 11:27:34.026580,1,231842,28.1916,1,1,T_1,3,4,,,,
1320,2019-03-14 11:27:34.077703,1,231843,29.0,1,1,T_2,3,1,,,,
1321,2019-03-14 11:27:34.117181,1,231844,28.6916,1,1,T_2,3,2,,,,
1322,2019-03-14 11:27:34.155754,1,231845,28.4416,1,1,T_2,3,3,,,,
1323,2019-03-14 11:27:34.194515,1,231846,28.1916,1,1,T_2,3,4,,,,
1324,2019-03-14 11:27:34.246346,1,231847,29.0,1,1,T_2,3,1,,,,
1325,2019-03-14 11:27:34.285502,1,231848,28.6916,1,1,T_2,3,2,,,,
1326,2019-03-14 11:27:34.328520,1,231849,28.4416,1,1,T_2,3,3,,,,
1327,2019-03-14 11:27:34.372458,1,231850,28.1916,1,1,T_2,3,4,,,,
1328,2019-03-14 11:27:34.426527,1,231851,29.0,1,1,T_2,3,1,,,,
1329,2019-03-14 11:27:34.464997,1,231852,28.6916,1,1,T_2,3,2,,,,
1330,2019-03-14 11:27:34.504006,1,231853,28.4416,1,1,T_2,3,3,,,,
1331,2019-03-14 11:27:34.546080,1,231854,28.1916,1,1,T_2,3,4,,,,
1332,2019-03-14 11:27:34.592456,1,231855,29.0,4,-1,T_3,3,-1,,,,
1333,2019-03-14 11:27:34.623475,4,231855,29.0,4,-1,T_3,3,-1,T_3,29.0,4,2019-03-14 11:27:35
1334,2019-03-14 11:27:34.623475,4,231761,29.0,4,1,T_3,3,1,T_3,29.0,4,2019-03-14 11:27:29
1335,2019-03-14 11:27:34.713960,1,231856,29.0,4,-1,T_3,3,-1,,,,
1336,2019-03-14 11:27:34.745559,4,231856,29.0,1,-1,T_3,3,-1,T_3,29.0,1,2019-03-14 11:27:35
1337,2019-03-14 11:27:34.745559,4,231856,29.0,1,-1,T_3,3,-1,T_3,29.0,1,2019-03-14 11:27:35
1338,2019-03-14 11:27:34.745559,4,231856,29.0,1,-1,T_3,3,-1,T_3,29.0,1,2019-03-14 11:27:35
1339,2019-03-14 11:27:34.745559,4,231856,29.0,1,-1,T_3,3,-1,T_3,29.0,1,2019-03-14 11:27:35
1340,2019-03-14 11:27:34.745559,4,231770,29.0,1,1,T_1,3,1,T_1,29.0,1,2019-03-14 11:27:30
1341,2019-03-14 11:27:34.745559,4,231778,29.0,1,1,T_2,3,1,T_1,29.0,1,2019-03-14 11:27:30
1342,2019-03-14 11:27:34.745559,4,231782,29.0,1,1,T_2,3,1,T_1,29.0,1,2019-03-14 11:27:30
1343,2019-03-14 11:27:34.745559,4,231791,29.0,1,1,T_3,3,1,T_1,29.0,1,2019-03-14 11:27:30
1344,2019-03-14 11:27:35.040723,1,231857,29.0,3,-1,T_3,3,-1,,,,
1345,2019-03-14 11:27:35.072281,4,231857,29.0,3,-1,T_3,3,-1,T_3,29.0,3,2019-03-14 11:27:35
1346,2019-03-14 11:27:35.072281,4,231791,29.0,3,1,T_3,3,1,T_3,29.0,3,2019-03-14 11:27:31
1347,2019-03-14 11:27:35.155036,1,231858,29.0,3,-1,T_3,3,-1,,,,
1348,2019-03-14 11:27:35.186415,4,231858,29.0,3,-1,T_3,3,-1,T_3,29.0,3,2019-03-14 11:27:35
1349,2019-03-14 11:27:35.186415,4,231791,29.0,3,1,T_3,3,1,T_3,29.0,3,2019-03-14 11:27:31
1350,2019-03-14 11:27:35.269074,1,231859,29.0,3,-1,T_3,3,-1,,,,
1351,2019-03-14 11:27:35.300637,4,231859,29.0,3,-1,T_3,3,-1,T_3,29.0,3,2019-03-14 11:27:35
1352,2019-03-14 11:27:35.300637,4,231791,29.0,3,1,T_3,3,1,T_3,29.0,3,2019-03-14 11:27:31
1353,2019-03-14 11:27:35.417456,1,231860,29.791600000000003,1,-1,T_1,3,1,,,,
1354,2019-03-14 11:27:35.456892,1,231861,30.1916,1,-1,T_1,3,2,,,,
1355,2019-03-14 11:27:35.495475,1,231862,30.6916,1,-1,T_1,3,3,,,,
1356,2019-03-14 11:27:35.534355,1,231863,30.9416,1,-1,T_1,3,4,,,,
1357,2019-03-14 11:27:35.580175,1,231864,29.791600000000003,1,-1,T_1,3,1,,,,
1358,2019-03-14 11:27:35.617646,1,231865,30.1916,1,-1,T_1,3,2,,,,
1359,2019-03-14 11:27:35.655892,1,231866,30.6916,1,-1,T_1,3,3,,,,
1360,2019-03-14 11:27:35.694431,1,231867,30.9416,1,-1,T_1,3,4,,,,
1361,2019-03-14 11:27:35.745318,1,231868,29.0,1,1,T_2,3,1,,,,
1362,2019-03-14 11:27:35.785670,1,231869,28.6916,1,1,T_2,3,2,,,,
1363,2019-03-14 11:27:35.823846,1,231870,28.4416,1,1,T_2,3,3,,,,
1364,2019-03-14 11:27:35.862088,1,231871,28.1916,1,1,T_2,3,4,,,,
1365,2019-03-14 11:27:35.910990,1,231872,29.791600000000003,1,-1,T_2,3,1,,,,
1366,2019-03-14 11:27:35.952679,1,231873,30.1916,1,-1,T_2,3,2,,,,
1367,2019-03-14 11:27:35.990771,1,231874,30.6916,1,-1,T_2,3,3,,,,
1368,2019-03-14 11:27:36.029832,1,231875,30.9416,1,-1,T_2,3,4,,,,
1369,2019-03-14 11:27:36.074315,1,231876,29.791600000000003,1,-1,T_2,3,1,,,,
1370,2019-03-14 11:27:36.113246,1,231877,30.1916,1,-1,T_2,3,2,,,,
1371,2019-03-14 11:27:36.152531,1,231878,30.6916,1,-1,T_2,3,3,,,,
1372,2019-03-14 11:27:36.190967,1,231879,30.9416,1,-1,T_2,3,4,,,,
1373,2019-03-14 11:27:36.234987,1,231880,29.791600000000003,1,-1,T_2,3,1,,,,
1374,2019-03-14 11:27:36.273950,1,231881,30.1916,1,-1,T_2,3,2,,,,
1375,2019-03-14 11:27:36.312947,1,231882,30.6916,1,-1,T_2,3,3,,,,
1376,2019-03-14 11:27:36.355205,1,231883,30.9416,1,-1,T_2,3,4,,,,
1377,2019-03-14 11:27:36.404978,1,231884,29.791600000000003,1,-1,T_2,3,1,,,,
1378,2019-03-14 11:27:36.445614,1,231885,30.1916,1,-1,T_2,3,2,,,,
1379,2019-03-14 11:27:36.484582,1,231886,30.6916,1,-1,T_2,3,3,,,,
1380,2019-03-14 11:27:36.526083,1,231887,30.9416,1,-1,T_2,3,4,,,,
1381,2019-03-14 11:27:36.571947,1,231888,29.0,3,-1,T_3,3,-1,,,,
1382,2019-03-14 11:27:36.605007,4,231888,29.0,3,-1,T_3,3,-1,T_3,29.0,3,2019-03-14 11:27:37
1383,2019-03-14 11:27:36.605007,4,231791,29.0,3,1,T_3,3,1,T_3,29.0,3,2019-03-14 11:27:31
1384,2019-03-14 11:27:36.691495,1,231889,29.0,2,-1,T_3,3,-1,,,,
1385,2019-03-14 11:27:36.722803,4,231889,29.0,2,-1,T_3,3,-1,T_3,29.0,2,2019-03-14 11:27:37
1386,2019-03-14 11:27:36.722803,4,231791,29.0,2,1,T_3,3,1,T_3,29.0,2,2019-03-14 11:27:31
1387,2019-03-14 11:27:36.810171,1,231890,29.0,2,-1,T_3,3,-1,,,,
1388,2019-03-14 11:27:36.843493,4,231890,29.0,2,-1,T_3,3,-1,T_3,29.0,2,2019-03-14 11:27:37
1389,2019-03-14 11:27:36.843493,4,231791,29.0,2,1,T_3,3,1,T_3,29.0,2,2019-03-14 11:27:31
1390,2019-03-14 11:27:36.938638,1,231891,29.0,2,-1,T_3,3,-1,,,,
1391,2019-03-14 11:27:36.968895,4,231891,29.0,2,-1,T_3,3,-1,T_3,29.0,2,2019-03-14 11:27:37
1392,2019-03-14 11:27:36.968895,4,231791,29.0,2,1,T_3,3,1,T_3,29.0,2,2019-03-14 11:27:31
1393,2019-03-14 11:27:37.069793,1,231892,29.791600000000003,1,-1,T_1,3,1,,,,
1394,2019-03-14 11:27:37.108630,1,231893,30.1916,1,-1,T_1,3,2,,,,
1395,2019-03-14 11:27:37.148514,1,231894,30.6916,1,-1,T_1,3,3,,,,
1396,2019-03-14 11:27:37.186980,1,231895,30.9416,1,-1,T_1,3,4,,,,
