,timestamp,type,order_id,price,volume,direction,trader_id,stock_id,order_level,matched_order_trader_id,match_price,match_volume,match_timestamp
0,2019-04-03 05:33:53.033228,1,234860,93.9,1,1,T_1,2,1,,,,
1,2019-04-03 05:33:53.071820,1,234861,93.5,1,1,T_1,2,2,,,,
2,2019-04-03 05:33:53.109566,1,234862,93.0,1,1,T_1,2,3,,,,
3,2019-04-03 05:33:53.143859,1,234863,92.75,1,1,T_1,2,4,,,,
4,2019-04-03 05:33:53.178001,1,234864,92.5,1,1,T_1,2,5,,,,
5,2019-04-03 05:33:53.211242,1,234865,94.1,1,-1,T_1,2,1,,,,
6,2019-04-03 05:33:53.244207,1,234866,94.5,1,-1,T_1,2,2,,,,
7,2019-04-03 05:33:53.278469,1,234867,95.0,1,-1,T_1,2,3,,,,
8,2019-04-03 05:33:53.312758,1,234868,95.25,1,-1,T_1,2,4,,,,
9,2019-04-03 05:33:53.347410,1,234869,95.5,1,-1,T_1,2,5,,,,
10,2019-04-03 05:33:53.382960,1,234870,93.9,1,1,T_1,2,1,,,,
11,2019-04-03 05:33:53.418082,1,234871,93.5,1,1,T_1,2,2,,,,
12,2019-04-03 05:33:53.451129,1,234872,93.0,1,1,T_1,2,3,,,,
13,2019-04-03 05:33:53.485567,1,234873,92.75,1,1,T_1,2,4,,,,
14,2019-04-03 05:33:53.519820,1,234874,94.1,1,-1,T_1,2,1,,,,
15,2019-04-03 05:33:53.553794,1,234875,94.5,1,-1,T_1,2,2,,,,
16,2019-04-03 05:33:53.588978,1,234876,95.0,1,-1,T_1,2,3,,,,
17,2019-04-03 05:33:53.622128,1,234877,95.25,1,-1,T_1,2,4,,,,
18,2019-04-03 05:33:53.656765,1,234878,93.9,1,1,T_1,2,1,,,,
19,2019-04-03 05:33:53.693271,1,234879,93.5,1,1,T_1,2,2,,,,
20,2019-04-03 05:33:53.728159,1,234880,93.0,1,1,T_1,2,3,,,,
21,2019-04-03 05:33:53.761390,1,234881,92.75,1,1,T_1,2,4,,,,
22,2019-04-03 05:33:53.809407,1,234882,94.1,1,-1,T_1,2,1,,,,
23,2019-04-03 05:33:53.844446,1,234883,94.5,1,-1,T_1,2,2,,,,
24,2019-04-03 05:33:53.879509,1,234884,95.0,1,-1,T_1,2,3,,,,
25,2019-04-03 05:33:53.913395,1,234885,95.25,1,-1,T_1,2,4,,,,
26,2019-04-03 05:33:53.946033,1,234886,94.1,1,-1,T_2,2,1,,,,
27,2019-04-03 05:33:53.980022,1,234887,94.5,1,-1,T_2,2,2,,,,
28,2019-04-03 05:33:54.015009,1,234888,95.0,1,-1,T_2,2,3,,,,
29,2019-04-03 05:33:54.049382,1,234889,95.25,1,-1,T_2,2,4,,,,
30,2019-04-03 05:33:54.084395,1,234890,93.9,1,1,T_2,2,1,,,,
31,2019-04-03 05:33:54.123982,1,234891,93.5,1,1,T_2,2,2,,,,
32,2019-04-03 05:33:54.158688,1,234892,93.0,1,1,T_2,2,3,,,,
33,2019-04-03 05:33:54.193633,1,234893,92.75,1,1,T_2,2,4,,,,
34,2019-04-03 05:33:54.227582,1,234894,94.1,1,-1,T_2,2,1,,,,
35,2019-04-03 05:33:54.260728,1,234895,94.5,1,-1,T_2,2,2,,,,
36,2019-04-03 05:33:54.294504,1,234896,95.0,1,-1,T_2,2,3,,,,
37,2019-04-03 05:33:54.327811,1,234897,95.25,1,-1,T_2,2,4,,,,
38,2019-04-03 05:33:54.365083,1,234898,94.1,1,-1,T_2,2,1,,,,
39,2019-04-03 05:33:54.399695,1,234899,94.5,1,-1,T_2,2,2,,,,
40,2019-04-03 05:33:54.439502,1,234900,95.0,1,-1,T_2,2,3,,,,
41,2019-04-03 05:33:54.471751,1,234901,95.25,1,-1,T_2,2,4,,,,
42,2019-04-03 05:33:54.506984,1,234902,92.99,0,-1,T_3,2,-1,,,,
43,2019-04-03 05:33:54.542966,1,234903,92.99,0,-1,T_3,2,-1,,,,
44,2019-04-03 05:33:54.576959,1,234904,92.99,0,-1,T_3,2,-1,,,,
45,2019-04-03 05:33:54.611280,1,234905,92.99,0,-1,T_3,2,-1,,,,
46,2019-04-03 05:33:54.646285,1,234906,93.9,1,1,T_4,2,1,,,,
47,2019-04-03 05:33:54.681432,1,234907,93.5,1,1,T_4,2,2,,,,
48,2019-04-03 05:33:54.715701,1,234908,93.0,1,1,T_4,2,3,,,,
49,2019-04-03 05:33:54.750749,1,234909,92.75,1,1,T_4,2,4,,,,
50,2019-04-03 05:33:54.786930,1,234910,94.1,1,-1,T_4,2,1,,,,
51,2019-04-03 05:33:54.822015,1,234911,94.5,1,-1,T_4,2,2,,,,
52,2019-04-03 05:33:54.861884,1,234912,95.0,1,-1,T_4,2,3,,,,
53,2019-04-03 05:33:54.896052,1,234913,95.25,1,-1,T_4,2,4,,,,
54,2019-04-03 05:33:54.931319,1,234914,94.1,1,-1,T_4,2,1,,,,
55,2019-04-03 05:33:54.965364,1,234915,94.5,1,-1,T_4,2,2,,,,
56,2019-04-03 05:33:55.002618,1,234916,95.0,1,-1,T_4,2,3,,,,
57,2019-04-03 05:33:55.036063,1,234917,95.25,1,-1,T_4,2,4,,,,
58,2019-04-03 05:33:55.072592,1,234918,93.9,1,1,T_4,2,1,,,,
59,2019-04-03 05:33:55.106901,1,234919,93.5,1,1,T_4,2,2,,,,
60,2019-04-03 05:33:55.143124,1,234920,93.0,1,1,T_4,2,3,,,,
61,2019-04-03 05:33:55.176039,1,234921,92.75,1,1,T_4,2,4,,,,
62,2019-04-03 05:33:55.211126,1,234922,92.99,1,-1,T_5,2,-1,,,,
63,2019-04-03 05:33:55.244289,4,234922,92.99,1,-1,T_5,2,-1,T_5,92.99,1,2019-04-03 05:33:55
64,2019-04-03 05:33:55.244289,4,234860,92.99,1,1,T_1,2,-1,T_1,92.99,1,2019-04-03 05:33:53
65,2019-04-03 05:33:55.313928,1,234923,92.99,1,-1,T_5,2,-1,,,,
66,2019-04-03 05:33:55.347277,4,234923,92.99,1,-1,T_5,2,-1,T_5,92.99,1,2019-04-03 05:33:55
67,2019-04-03 05:33:55.347277,4,234870,92.99,1,1,T_1,2,-1,T_1,92.99,1,2019-04-03 05:33:53
68,2019-04-03 05:33:55.421489,1,234924,92.99,1,-1,T_5,2,-1,,,,
69,2019-04-03 05:33:55.455371,4,234924,92.99,1,-1,T_5,2,-1,T_5,92.99,1,2019-04-03 05:33:55
70,2019-04-03 05:33:55.455371,4,234878,92.99,1,1,T_1,2,-1,T_1,92.99,1,2019-04-03 05:33:54
71,2019-04-03 05:33:55.530191,1,234925,93.9,1,1,T_1,2,1,,,,
72,2019-04-03 05:33:55.567508,1,234926,93.5,1,1,T_1,2,2,,,,
73,2019-04-03 05:33:55.602233,1,234927,93.0,1,1,T_1,2,3,,,,
74,2019-04-03 05:33:55.635988,1,234928,92.75,1,1,T_1,2,4,,,,
75,2019-04-03 05:33:55.671995,1,234929,94.1,1,-1,T_1,2,1,,,,
76,2019-04-03 05:33:55.706715,1,234930,94.5,1,-1,T_1,2,2,,,,
77,2019-04-03 05:33:55.740378,1,234931,95.0,1,-1,T_1,2,3,,,,
78,2019-04-03 05:33:55.774659,1,234932,95.25,1,-1,T_1,2,4,,,,
79,2019-04-03 05:33:55.810126,1,234933,93.9,1,1,T_1,2,1,,,,
80,2019-04-03 05:33:55.843973,1,234934,93.5,1,1,T_1,2,2,,,,
81,2019-04-03 05:33:55.877878,1,234935,93.0,1,1,T_1,2,3,,,,
82,2019-04-03 05:33:55.912476,1,234936,92.75,1,1,T_1,2,4,,,,
83,2019-04-03 05:33:55.947763,1,234937,93.9,1,1,T_1,2,1,,,,
84,2019-04-03 05:33:55.982046,1,234938,93.5,1,1,T_1,2,2,,,,
85,2019-04-03 05:33:56.017386,1,234939,93.0,1,1,T_1,2,3,,,,
86,2019-04-03 05:33:56.052657,1,234940,92.75,1,1,T_1,2,4,,,,
87,2019-04-03 05:33:56.089731,1,234941,94.1,1,-1,T_2,2,1,,,,
88,2019-04-03 05:33:56.124025,1,234942,94.5,1,-1,T_2,2,2,,,,
89,2019-04-03 05:33:56.157563,1,234943,95.0,1,-1,T_2,2,3,,,,
90,2019-04-03 05:33:56.191016,1,234944,95.25,1,-1,T_2,2,4,,,,
91,2019-04-03 05:33:56.225800,1,234945,94.1,1,-1,T_2,2,1,,,,
92,2019-04-03 05:33:56.260530,1,234946,94.5,1,-1,T_2,2,2,,,,
93,2019-04-03 05:33:56.294478,1,234947,95.0,1,-1,T_2,2,3,,,,
94,2019-04-03 05:33:56.327520,1,234948,95.25,1,-1,T_2,2,4,,,,
95,2019-04-03 05:33:56.361104,1,234949,94.1,1,-1,T_2,2,1,,,,
96,2019-04-03 05:33:56.394560,1,234950,94.5,1,-1,T_2,2,2,,,,
97,2019-04-03 05:33:56.431228,1,234951,95.0,1,-1,T_2,2,3,,,,
98,2019-04-03 05:33:56.465608,1,234952,95.25,1,-1,T_2,2,4,,,,
99,2019-04-03 05:33:56.502896,1,234953,92.99,1,-1,T_3,2,-1,,,,
100,2019-04-03 05:33:56.534844,4,234953,92.99,1,-1,T_3,2,-1,T_3,92.99,1,2019-04-03 05:33:57
101,2019-04-03 05:33:56.534844,4,234890,92.99,1,1,T_2,2,-1,T_2,92.99,1,2019-04-03 05:33:54
102,2019-04-03 05:33:56.603161,1,234954,92.99,1,-1,T_3,2,-1,,,,
103,2019-04-03 05:33:56.636489,4,234954,92.99,1,-1,T_3,2,-1,T_3,92.99,1,2019-04-03 05:33:57
104,2019-04-03 05:33:56.636489,4,234906,92.99,1,1,T_4,2,-1,T_4,92.99,1,2019-04-03 05:33:55
105,2019-04-03 05:33:56.706840,1,234955,95.01,2,1,T_3,2,-1,,,,
106,2019-04-03 05:33:56.739359,4,234865,94.1,1,-1,T_1,2,-1,T_1,94.1,1,2019-04-03 05:33:53
107,2019-04-03 05:33:56.739359,4,234874,94.1,1,-1,T_1,2,-1,T_1,94.1,1,2019-04-03 05:33:53
108,2019-04-03 05:33:56.739359,4,234955,94.1,1,1,T_3,2,-1,T_3,94.1,1,2019-04-03 05:33:57
109,2019-04-03 05:33:56.739359,4,234955,94.1,1,1,T_3,2,-1,T_3,94.1,1,2019-04-03 05:33:57
110,2019-04-03 05:33:56.876345,1,234956,92.99,1,-1,T_3,2,-1,,,,
111,2019-04-03 05:33:56.910676,4,234956,92.99,1,-1,T_3,2,-1,T_3,92.99,1,2019-04-03 05:33:57
112,2019-04-03 05:33:56.910676,4,234918,92.99,1,1,T_4,2,-1,T_4,92.99,1,2019-04-03 05:33:55
113,2019-04-03 05:33:56.981354,1,234957,93.9,1,1,T_4,2,1,,,,
114,2019-04-03 05:33:57.017685,1,234958,93.5,1,1,T_4,2,2,,,,
115,2019-04-03 05:33:57.052955,1,234959,93.0,1,1,T_4,2,3,,,,
116,2019-04-03 05:33:57.087841,1,234960,92.75,1,1,T_4,2,4,,,,
117,2019-04-03 05:33:57.123060,1,234961,94.1,1,-1,T_4,2,1,,,,
118,2019-04-03 05:33:57.157892,1,234962,94.5,1,-1,T_4,2,2,,,,
119,2019-04-03 05:33:57.193137,1,234963,95.0,1,-1,T_4,2,3,,,,
120,2019-04-03 05:33:57.227797,1,234964,95.25,1,-1,T_4,2,4,,,,
121,2019-04-03 05:33:57.266328,1,234965,94.1,1,-1,T_4,2,1,,,,
122,2019-04-03 05:33:57.300572,1,234966,94.5,1,-1,T_4,2,2,,,,
123,2019-04-03 05:33:57.335669,1,234967,95.0,1,-1,T_4,2,3,,,,
124,2019-04-03 05:33:57.369578,1,234968,95.25,1,-1,T_4,2,4,,,,
125,2019-04-03 05:33:57.406931,1,234969,92.99,1,-1,T_5,2,-1,,,,
126,2019-04-03 05:33:57.440242,4,234969,92.99,1,-1,T_5,2,-1,T_5,92.99,1,2019-04-03 05:33:57
127,2019-04-03 05:33:57.440242,4,234925,92.99,1,1,T_1,2,-1,T_1,92.99,1,2019-04-03 05:33:56
128,2019-04-03 05:33:57.507746,1,234970,92.99,1,-1,T_5,2,-1,,,,
129,2019-04-03 05:33:57.539984,4,234970,92.99,1,-1,T_5,2,-1,T_5,92.99,1,2019-04-03 05:33:58
130,2019-04-03 05:33:57.539984,4,234933,92.99,1,1,T_1,2,-1,T_1,92.99,1,2019-04-03 05:33:56
131,2019-04-03 05:33:57.608546,1,234971,92.99,1,-1,T_5,2,-1,,,,
132,2019-04-03 05:33:57.641996,4,234971,92.99,1,-1,T_5,2,-1,T_5,92.99,1,2019-04-03 05:33:58
133,2019-04-03 05:33:57.641996,4,234937,92.99,1,1,T_1,2,-1,T_1,92.99,1,2019-04-03 05:33:56
134,2019-04-03 05:33:57.716716,1,234972,92.99,1,-1,T_5,2,-1,,,,
135,2019-04-03 05:33:57.749867,4,234972,92.99,1,-1,T_5,2,-1,T_5,92.99,1,2019-04-03 05:33:58
136,2019-04-03 05:33:57.749867,4,234957,92.99,1,1,T_4,2,-1,T_4,92.99,1,2019-04-03 05:33:57
137,2019-04-03 05:33:57.822136,1,234973,93.5,1,1,T_1,2,1,,,,
138,2019-04-03 05:33:57.862534,1,234974,93.0,1,1,T_1,2,2,,,,
139,2019-04-03 05:33:57.896772,1,234975,92.75,1,1,T_1,2,3,,,,
140,2019-04-03 05:33:57.932375,1,234976,92.5,1,1,T_1,2,4,,,,
141,2019-04-03 05:33:57.968587,1,234977,94.1,1,-1,T_1,2,1,,,,
142,2019-04-03 05:33:58.003752,1,234978,94.5,1,-1,T_1,2,2,,,,
143,2019-04-03 05:33:58.038328,1,234979,95.0,1,-1,T_1,2,3,,,,
144,2019-04-03 05:33:58.077238,1,234980,95.25,1,-1,T_1,2,4,,,,
145,2019-04-03 05:33:58.113228,1,234981,93.5,1,1,T_1,2,1,,,,
146,2019-04-03 05:33:58.147186,1,234982,93.0,1,1,T_1,2,2,,,,
147,2019-04-03 05:33:58.180857,1,234983,92.75,1,1,T_1,2,3,,,,
148,2019-04-03 05:33:58.216192,1,234984,92.5,1,1,T_1,2,4,,,,
149,2019-04-03 05:33:58.251497,1,234985,93.5,1,1,T_1,2,1,,,,
150,2019-04-03 05:33:58.286170,1,234986,93.0,1,1,T_1,2,2,,,,
151,2019-04-03 05:33:58.323353,1,234987,92.75,1,1,T_1,2,3,,,,
152,2019-04-03 05:33:58.357526,1,234988,92.5,1,1,T_1,2,4,,,,
153,2019-04-03 05:33:58.394823,1,234989,93.5,1,1,T_2,2,1,,,,
154,2019-04-03 05:33:58.429557,1,234990,93.0,1,1,T_2,2,2,,,,
155,2019-04-03 05:33:58.464762,1,234991,92.75,1,1,T_2,2,3,,,,
156,2019-04-03 05:33:58.498846,1,234992,92.5,1,1,T_2,2,4,,,,
157,2019-04-03 05:33:58.535511,1,234993,93.5,1,1,T_2,2,1,,,,
158,2019-04-03 05:33:58.570713,1,234994,93.0,1,1,T_2,2,2,,,,
159,2019-04-03 05:33:58.605567,1,234995,92.75,1,1,T_2,2,3,,,,
160,2019-04-03 05:33:58.639782,1,234996,92.5,1,1,T_2,2,4,,,,
161,2019-04-03 05:33:58.674854,1,234997,94.1,1,-1,T_2,2,1,,,,
162,2019-04-03 05:33:58.710000,1,234998,94.5,1,-1,T_2,2,2,,,,
163,2019-04-03 05:33:58.744844,1,234999,95.0,1,-1,T_2,2,3,,,,
164,2019-04-03 05:33:58.781028,1,235000,95.25,1,-1,T_2,2,4,,,,
165,2019-04-03 05:33:58.818519,1,235001,93.5,1,1,T_2,2,1,,,,
166,2019-04-03 05:33:58.852575,1,235002,93.0,1,1,T_2,2,2,,,,
167,2019-04-03 05:33:58.889222,1,235003,92.75,1,1,T_2,2,3,,,,
168,2019-04-03 05:33:58.923999,1,235004,92.5,1,1,T_2,2,4,,,,
169,2019-04-03 05:33:58.960413,1,235005,92.99,1,-1,T_3,2,-1,,,,
170,2019-04-03 05:33:58.994320,4,235005,92.99,1,-1,T_3,2,-1,T_3,92.99,1,2019-04-03 05:33:59
171,2019-04-03 05:33:58.994320,4,234861,92.99,1,1,T_1,2,-1,T_1,92.99,1,2019-04-03 05:33:53
172,2019-04-03 05:33:59.066795,1,235006,92.99,1,-1,T_3,2,-1,,,,
173,2019-04-03 05:33:59.102841,4,235006,92.99,1,-1,T_3,2,-1,T_3,92.99,1,2019-04-03 05:33:59
174,2019-04-03 05:33:59.102841,4,234871,92.99,1,1,T_1,2,-1,T_1,92.99,1,2019-04-03 05:33:53
175,2019-04-03 05:33:59.175468,1,235007,92.99,1,-1,T_3,2,-1,,,,
176,2019-04-03 05:33:59.210366,4,235007,92.99,1,-1,T_3,2,-1,T_3,92.99,1,2019-04-03 05:33:59
177,2019-04-03 05:33:59.210366,4,234879,92.99,1,1,T_1,2,-1,T_1,92.99,1,2019-04-03 05:33:54
178,2019-04-03 05:33:59.282330,1,235008,92.99,1,-1,T_3,2,-1,,,,
179,2019-04-03 05:33:59.315597,4,235008,92.99,1,-1,T_3,2,-1,T_3,92.99,1,2019-04-03 05:33:59
180,2019-04-03 05:33:59.315597,4,234891,92.99,1,1,T_2,2,-1,T_2,92.99,1,2019-04-03 05:33:54
181,2019-04-03 05:33:59.387084,1,235009,94.1,1,-1,T_4,2,1,,,,
182,2019-04-03 05:33:59.423089,1,235010,94.5,1,-1,T_4,2,2,,,,
183,2019-04-03 05:33:59.457261,1,235011,95.0,1,-1,T_4,2,3,,,,
184,2019-04-03 05:33:59.491189,1,235012,95.25,1,-1,T_4,2,4,,,,
185,2019-04-03 05:33:59.527003,1,235013,93.5,1,1,T_4,2,1,,,,
186,2019-04-03 05:33:59.561991,1,235014,93.0,1,1,T_4,2,2,,,,
187,2019-04-03 05:33:59.598544,1,235015,92.75,1,1,T_4,2,3,,,,
188,2019-04-03 05:33:59.635235,1,235016,92.5,1,1,T_4,2,4,,,,
189,2019-04-03 05:33:59.671905,1,235017,94.1,1,-1,T_4,2,1,,,,
190,2019-04-03 05:33:59.709731,1,235018,94.5,1,-1,T_4,2,2,,,,
191,2019-04-03 05:33:59.745971,1,235019,95.0,1,-1,T_4,2,3,,,,
192,2019-04-03 05:33:59.782736,1,235020,95.25,1,-1,T_4,2,4,,,,
193,2019-04-03 05:33:59.820304,1,235021,94.1,1,-1,T_4,2,1,,,,
194,2019-04-03 05:33:59.858351,1,235022,94.5,1,-1,T_4,2,2,,,,
195,2019-04-03 05:33:59.893428,1,235023,95.0,1,-1,T_4,2,3,,,,
196,2019-04-03 05:33:59.929241,1,235024,95.25,1,-1,T_4,2,4,,,,
197,2019-04-03 05:33:59.966778,1,235025,93.5,1,1,T_4,2,1,,,,
198,2019-04-03 05:34:00.001037,1,235026,93.0,1,1,T_4,2,2,,,,
199,2019-04-03 05:34:00.039323,1,235027,92.75,1,1,T_4,2,3,,,,
200,2019-04-03 05:34:00.075423,1,235028,92.5,1,1,T_4,2,4,,,,
201,2019-04-03 05:34:00.113195,1,235029,92.99,1,-1,T_5,2,-1,,,,
202,2019-04-03 05:34:00.145348,4,235029,92.99,1,-1,T_5,2,-1,T_5,92.99,1,2019-04-03 05:34:00
203,2019-04-03 05:34:00.145348,4,234907,92.99,1,1,T_4,2,-1,T_4,92.99,1,2019-04-03 05:33:55
204,2019-04-03 05:34:00.218962,1,235030,92.99,1,-1,T_5,2,-1,,,,
205,2019-04-03 05:34:00.252002,4,235030,92.99,1,-1,T_5,2,-1,T_5,92.99,1,2019-04-03 05:34:00
206,2019-04-03 05:34:00.252002,4,234919,92.99,1,1,T_4,2,-1,T_4,92.99,1,2019-04-03 05:33:55
207,2019-04-03 05:34:00.321422,1,235031,92.99,1,-1,T_5,2,-1,,,,
208,2019-04-03 05:34:00.355143,4,235031,92.99,1,-1,T_5,2,-1,T_5,92.99,1,2019-04-03 05:34:00
209,2019-04-03 05:34:00.355143,4,234926,92.99,1,1,T_1,2,-1,T_1,92.99,1,2019-04-03 05:33:56
210,2019-04-03 05:34:00.433414,1,235032,93.5,1,1,T_1,2,1,,,,
211,2019-04-03 05:34:00.468644,1,235033,93.0,1,1,T_1,2,2,,,,
212,2019-04-03 05:34:00.503626,1,235034,92.75,1,1,T_1,2,3,,,,
213,2019-04-03 05:34:00.544300,1,235035,92.5,1,1,T_1,2,4,,,,
214,2019-04-03 05:34:00.582040,1,235036,93.5,1,1,T_1,2,1,,,,
215,2019-04-03 05:34:00.617515,1,235037,93.0,1,1,T_1,2,2,,,,
216,2019-04-03 05:34:00.651727,1,235038,92.75,1,1,T_1,2,3,,,,
217,2019-04-03 05:34:00.687059,1,235039,92.5,1,1,T_1,2,4,,,,
218,2019-04-03 05:34:00.723367,1,235040,93.5,1,1,T_1,2,1,,,,
219,2019-04-03 05:34:00.757971,1,235041,93.0,1,1,T_1,2,2,,,,
220,2019-04-03 05:34:00.796398,1,235042,92.75,1,1,T_1,2,3,,,,
221,2019-04-03 05:34:00.830083,1,235043,92.5,1,1,T_1,2,4,,,,
222,2019-04-03 05:34:00.868455,1,235044,93.5,1,1,T_2,2,1,,,,
223,2019-04-03 05:34:00.904096,1,235045,93.0,1,1,T_2,2,2,,,,
224,2019-04-03 05:34:00.938137,1,235046,92.75,1,1,T_2,2,3,,,,
225,2019-04-03 05:34:00.973725,1,235047,92.5,1,1,T_2,2,4,,,,
226,2019-04-03 05:34:01.010076,1,235048,94.1,1,-1,T_2,2,1,,,,
227,2019-04-03 05:34:01.052491,1,235049,94.5,1,-1,T_2,2,2,,,,
228,2019-04-03 05:34:01.088167,1,235050,95.0,1,-1,T_2,2,3,,,,
229,2019-04-03 05:34:01.124434,1,235051,95.25,1,-1,T_2,2,4,,,,
230,2019-04-03 05:34:01.161283,1,235052,94.1,1,-1,T_2,2,1,,,,
231,2019-04-03 05:34:01.197787,1,235053,94.5,1,-1,T_2,2,2,,,,
232,2019-04-03 05:34:01.234837,1,235054,95.0,1,-1,T_2,2,3,,,,
233,2019-04-03 05:34:01.270757,1,235055,95.25,1,-1,T_2,2,4,,,,
234,2019-04-03 05:34:01.307830,1,235056,93.5,1,1,T_2,2,1,,,,
235,2019-04-03 05:34:01.344089,1,235057,93.0,1,1,T_2,2,2,,,,
236,2019-04-03 05:34:01.381498,1,235058,92.75,1,1,T_2,2,3,,,,
237,2019-04-03 05:34:01.420670,1,235059,92.5,1,1,T_2,2,4,,,,
238,2019-04-03 05:34:01.460349,1,235060,94.1,1,-1,T_2,2,1,,,,
239,2019-04-03 05:34:01.496544,1,235061,94.5,1,-1,T_2,2,2,,,,
240,2019-04-03 05:34:01.531841,1,235062,95.0,1,-1,T_2,2,3,,,,
241,2019-04-03 05:34:01.569335,1,235063,95.25,1,-1,T_2,2,4,,,,
242,2019-04-03 05:34:01.607496,1,235064,95.01,4,1,T_3,2,-1,,,,
243,2019-04-03 05:34:01.642231,4,234882,94.1,1,-1,T_1,2,-1,T_1,94.1,1,2019-04-03 05:33:54
244,2019-04-03 05:34:01.642231,4,234886,94.1,1,-1,T_2,2,-1,T_1,94.1,1,2019-04-03 05:33:54
245,2019-04-03 05:34:01.642231,4,234894,94.1,1,-1,T_2,2,-1,T_1,94.1,1,2019-04-03 05:33:54
246,2019-04-03 05:34:01.642231,4,234898,94.1,1,-1,T_2,2,-1,T_1,94.1,1,2019-04-03 05:33:54
247,2019-04-03 05:34:01.642231,4,235064,94.1,1,1,T_3,2,-1,T_3,94.1,1,2019-04-03 05:34:02
248,2019-04-03 05:34:01.642231,4,235064,94.1,1,1,T_3,2,-1,T_3,94.1,1,2019-04-03 05:34:02
249,2019-04-03 05:34:01.642231,4,235064,94.1,1,1,T_3,2,-1,T_3,94.1,1,2019-04-03 05:34:02
250,2019-04-03 05:34:01.642231,4,235064,94.1,1,1,T_3,2,-1,T_3,94.1,1,2019-04-03 05:34:02
251,2019-04-03 05:34:01.930088,1,235065,92.99,1,-1,T_3,2,-1,,,,
252,2019-04-03 05:34:01.965779,4,235065,92.99,1,-1,T_3,2,-1,T_3,92.99,1,2019-04-03 05:34:02
253,2019-04-03 05:34:01.965779,4,234934,92.99,1,1,T_1,2,-1,T_1,92.99,1,2019-04-03 05:33:56
254,2019-04-03 05:34:02.041044,1,235066,92.99,1,-1,T_3,2,-1,,,,
255,2019-04-03 05:34:02.075045,4,235066,92.99,1,-1,T_3,2,-1,T_3,92.99,1,2019-04-03 05:34:02
256,2019-04-03 05:34:02.075045,4,234938,92.99,1,1,T_1,2,-1,T_1,92.99,1,2019-04-03 05:33:56
257,2019-04-03 05:34:02.150507,1,235067,92.99,1,-1,T_3,2,-1,,,,
258,2019-04-03 05:34:02.186788,4,235067,92.99,1,-1,T_3,2,-1,T_3,92.99,1,2019-04-03 05:34:02
259,2019-04-03 05:34:02.186788,4,234958,92.99,1,1,T_4,2,-1,T_4,92.99,1,2019-04-03 05:33:57
260,2019-04-03 05:34:02.262841,1,235068,94.1,1,-1,T_4,2,1,,,,
261,2019-04-03 05:34:02.299637,1,235069,94.5,1,-1,T_4,2,2,,,,
262,2019-04-03 05:34:02.336008,1,235070,95.0,1,-1,T_4,2,3,,,,
263,2019-04-03 05:34:02.374031,1,235071,95.25,1,-1,T_4,2,4,,,,
264,2019-04-03 05:34:02.413244,1,235072,93.5,1,1,T_4,2,1,,,,
265,2019-04-03 05:34:02.449663,1,235073,93.0,1,1,T_4,2,2,,,,
266,2019-04-03 05:34:02.488381,1,235074,92.75,1,1,T_4,2,3,,,,
267,2019-04-03 05:34:02.526552,1,235075,92.5,1,1,T_4,2,4,,,,
268,2019-04-03 05:34:02.566000,1,235076,93.5,1,1,T_4,2,1,,,,
269,2019-04-03 05:34:02.608036,1,235077,93.0,1,1,T_4,2,2,,,,
270,2019-04-03 05:34:02.644937,1,235078,92.75,1,1,T_4,2,3,,,,
271,2019-04-03 05:34:02.681438,1,235079,92.5,1,1,T_4,2,4,,,,
272,2019-04-03 05:34:02.719739,1,235080,92.99,1,-1,T_5,2,-1,,,,
273,2019-04-03 05:34:02.754307,4,235080,92.99,1,-1,T_5,2,-1,T_5,92.99,1,2019-04-03 05:34:03
274,2019-04-03 05:34:02.754307,4,234973,92.99,1,1,T_1,2,-1,T_1,92.99,1,2019-04-03 05:33:58
275,2019-04-03 05:34:02.827452,1,235081,92.99,1,-1,T_5,2,-1,,,,
276,2019-04-03 05:34:02.863564,4,235081,92.99,1,-1,T_5,2,-1,T_5,92.99,1,2019-04-03 05:34:03
277,2019-04-03 05:34:02.863564,4,234981,92.99,1,1,T_1,2,-1,T_1,92.99,1,2019-04-03 05:33:58
278,2019-04-03 05:34:02.935650,1,235082,92.99,1,-1,T_5,2,-1,,,,
279,2019-04-03 05:34:02.972117,4,235082,92.99,1,-1,T_5,2,-1,T_5,92.99,1,2019-04-03 05:34:03
280,2019-04-03 05:34:02.972117,4,234985,92.99,1,1,T_1,2,-1,T_1,92.99,1,2019-04-03 05:33:58
281,2019-04-03 05:34:03.051584,1,235083,93.5,1,1,T_1,2,1,,,,
282,2019-04-03 05:34:03.089379,1,235084,93.0,1,1,T_1,2,2,,,,
283,2019-04-03 05:34:03.126332,1,235085,92.75,1,1,T_1,2,3,,,,
284,2019-04-03 05:34:03.161903,1,235086,92.5,1,1,T_1,2,4,,,,
285,2019-04-03 05:34:03.199564,1,235087,93.5,1,1,T_1,2,1,,,,
286,2019-04-03 05:34:03.235620,1,235088,93.0,1,1,T_1,2,2,,,,
287,2019-04-03 05:34:03.271072,1,235089,92.75,1,1,T_1,2,3,,,,
288,2019-04-03 05:34:03.306006,1,235090,92.5,1,1,T_1,2,4,,,,
289,2019-04-03 05:34:03.344709,1,235091,93.5,1,1,T_1,2,1,,,,
290,2019-04-03 05:34:03.381421,1,235092,93.0,1,1,T_1,2,2,,,,
291,2019-04-03 05:34:03.417807,1,235093,92.75,1,1,T_1,2,3,,,,
292,2019-04-03 05:34:03.454795,1,235094,92.5,1,1,T_1,2,4,,,,
293,2019-04-03 05:34:03.493143,1,235095,94.1,1,-1,T_1,2,1,,,,
294,2019-04-03 05:34:03.529842,1,235096,94.5,1,-1,T_1,2,2,,,,
295,2019-04-03 05:34:03.564698,1,235097,95.0,1,-1,T_1,2,3,,,,
296,2019-04-03 05:34:03.600578,1,235098,95.25,1,-1,T_1,2,4,,,,
297,2019-04-03 05:34:03.643895,1,235099,94.1,1,-1,T_1,2,1,,,,
298,2019-04-03 05:34:03.681919,1,235100,94.5,1,-1,T_1,2,2,,,,
299,2019-04-03 05:34:03.719585,1,235101,95.0,1,-1,T_1,2,3,,,,
300,2019-04-03 05:34:03.757215,1,235102,95.25,1,-1,T_1,2,4,,,,
301,2019-04-03 05:34:03.801189,1,235103,94.1,1,-1,T_2,2,1,,,,
302,2019-04-03 05:34:03.836932,1,235104,94.5,1,-1,T_2,2,2,,,,
303,2019-04-03 05:34:03.872714,1,235105,95.0,1,-1,T_2,2,3,,,,
304,2019-04-03 05:34:03.908447,1,235106,95.25,1,-1,T_2,2,4,,,,
305,2019-04-03 05:34:03.945330,1,235107,94.1,1,-1,T_2,2,1,,,,
306,2019-04-03 05:34:03.980859,1,235108,94.5,1,-1,T_2,2,2,,,,
307,2019-04-03 05:34:04.017488,1,235109,95.0,1,-1,T_2,2,3,,,,
308,2019-04-03 05:34:04.053868,1,235110,95.25,1,-1,T_2,2,4,,,,
309,2019-04-03 05:34:04.091561,1,235111,92.99,1,-1,T_3,2,-1,,,,
310,2019-04-03 05:34:04.126057,4,235111,92.99,1,-1,T_3,2,-1,T_3,92.99,1,2019-04-03 05:34:04
311,2019-04-03 05:34:04.126057,4,234989,92.99,1,1,T_2,2,-1,T_2,92.99,1,2019-04-03 05:33:58
312,2019-04-03 05:34:04.201506,1,235112,92.99,1,-1,T_3,2,-1,,,,
313,2019-04-03 05:34:04.234823,4,235112,92.99,1,-1,T_3,2,-1,T_3,92.99,1,2019-04-03 05:34:04
314,2019-04-03 05:34:04.234823,4,234993,92.99,1,1,T_2,2,-1,T_2,92.99,1,2019-04-03 05:33:59
315,2019-04-03 05:34:04.307019,1,235113,95.01,4,1,T_3,2,-1,,,,
316,2019-04-03 05:34:04.341453,4,234910,94.1,1,-1,T_4,2,-1,T_4,94.1,1,2019-04-03 05:33:55
317,2019-04-03 05:34:04.341453,4,234914,94.1,1,-1,T_4,2,-1,T_4,94.1,1,2019-04-03 05:33:55
318,2019-04-03 05:34:04.341453,4,234929,94.1,1,-1,T_1,2,-1,T_4,94.1,1,2019-04-03 05:33:55
319,2019-04-03 05:34:04.341453,4,234941,94.1,1,-1,T_2,2,-1,T_4,94.1,1,2019-04-03 05:33:55
320,2019-04-03 05:34:04.341453,4,235113,94.1,1,1,T_3,2,-1,T_3,94.1,1,2019-04-03 05:34:04
321,2019-04-03 05:34:04.341453,4,235113,94.1,1,1,T_3,2,-1,T_3,94.1,1,2019-04-03 05:34:04
322,2019-04-03 05:34:04.341453,4,235113,94.1,1,1,T_3,2,-1,T_3,94.1,1,2019-04-03 05:34:04
323,2019-04-03 05:34:04.341453,4,235113,94.1,1,1,T_3,2,-1,T_3,94.1,1,2019-04-03 05:34:04
324,2019-04-03 05:34:04.621984,1,235114,93.5,1,1,T_4,2,1,,,,
325,2019-04-03 05:34:04.658859,1,235115,93.0,1,1,T_4,2,2,,,,
326,2019-04-03 05:34:04.695486,1,235116,92.75,1,1,T_4,2,3,,,,
327,2019-04-03 05:34:04.733088,1,235117,92.5,1,1,T_4,2,4,,,,
328,2019-04-03 05:34:04.771154,1,235118,94.1,1,-1,T_4,2,1,,,,
329,2019-04-03 05:34:04.807654,1,235119,94.5,1,-1,T_4,2,2,,,,
330,2019-04-03 05:34:04.845146,1,235120,95.0,1,-1,T_4,2,3,,,,
331,2019-04-03 05:34:04.881360,1,235121,95.25,1,-1,T_4,2,4,,,,
332,2019-04-03 05:34:04.920718,1,235122,94.1,1,-1,T_4,2,1,,,,
333,2019-04-03 05:34:04.955704,1,235123,94.5,1,-1,T_4,2,2,,,,
334,2019-04-03 05:34:04.992204,1,235124,95.0,1,-1,T_4,2,3,,,,
335,2019-04-03 05:34:05.028791,1,235125,95.25,1,-1,T_4,2,4,,,,
336,2019-04-03 05:34:05.067252,1,235126,94.1,1,-1,T_4,2,1,,,,
337,2019-04-03 05:34:05.105294,1,235127,94.5,1,-1,T_4,2,2,,,,
338,2019-04-03 05:34:05.142984,1,235128,95.0,1,-1,T_4,2,3,,,,
339,2019-04-03 05:34:05.179242,1,235129,95.25,1,-1,T_4,2,4,,,,
340,2019-04-03 05:34:05.218127,1,235130,94.1,1,-1,T_4,2,1,,,,
341,2019-04-03 05:34:05.257134,1,235131,94.5,1,-1,T_4,2,2,,,,
342,2019-04-03 05:34:05.293961,1,235132,95.0,1,-1,T_4,2,3,,,,
343,2019-04-03 05:34:05.344495,1,235133,95.25,1,-1,T_4,2,4,,,,
344,2019-04-03 05:34:05.381953,1,235134,92.99,1,-1,T_5,2,-1,,,,
345,2019-04-03 05:34:05.414979,4,235134,92.99,1,-1,T_5,2,-1,T_5,92.99,1,2019-04-03 05:34:05
346,2019-04-03 05:34:05.414979,4,235001,92.99,1,1,T_2,2,-1,T_2,92.99,1,2019-04-03 05:33:59
347,2019-04-03 05:34:05.489605,1,235135,92.99,1,-1,T_5,2,-1,,,,
348,2019-04-03 05:34:05.523275,4,235135,92.99,1,-1,T_5,2,-1,T_5,92.99,1,2019-04-03 05:34:05
349,2019-04-03 05:34:05.523275,4,235013,92.99,1,1,T_4,2,-1,T_4,92.99,1,2019-04-03 05:34:00
350,2019-04-03 05:34:05.599479,1,235136,92.99,1,-1,T_5,2,-1,,,,
351,2019-04-03 05:34:05.632685,4,235136,92.99,1,-1,T_5,2,-1,T_5,92.99,1,2019-04-03 05:34:06
352,2019-04-03 05:34:05.632685,4,235025,92.99,1,1,T_4,2,-1,T_4,92.99,1,2019-04-03 05:34:00
353,2019-04-03 05:34:05.739831,1,235137,92.99,1,-1,T_5,2,-1,,,,
354,2019-04-03 05:34:05.772711,4,235137,92.99,1,-1,T_5,2,-1,T_5,92.99,1,2019-04-03 05:34:06
355,2019-04-03 05:34:05.772711,4,235032,92.99,1,1,T_1,2,-1,T_1,92.99,1,2019-04-03 05:34:00
356,2019-04-03 05:34:05.845132,1,235138,92.99,1,-1,T_5,2,-1,,,,
357,2019-04-03 05:34:05.880069,4,235138,92.99,1,-1,T_5,2,-1,T_5,92.99,1,2019-04-03 05:34:06
358,2019-04-03 05:34:05.880069,4,235036,92.99,1,1,T_1,2,-1,T_1,92.99,1,2019-04-03 05:34:01
359,2019-04-03 05:34:05.963286,1,235139,94.1,1,-1,T_1,2,1,,,,
360,2019-04-03 05:34:06.000231,1,235140,94.5,1,-1,T_1,2,2,,,,
361,2019-04-03 05:34:06.037590,1,235141,95.0,1,-1,T_1,2,3,,,,
362,2019-04-03 05:34:06.072837,1,235142,95.25,1,-1,T_1,2,4,,,,
363,2019-04-03 05:34:06.109870,1,235143,93.5,1,1,T_1,2,1,,,,
364,2019-04-03 05:34:06.146362,1,235144,93.0,1,1,T_1,2,2,,,,
365,2019-04-03 05:34:06.182758,1,235145,92.75,1,1,T_1,2,3,,,,
366,2019-04-03 05:34:06.218333,1,235146,92.5,1,1,T_1,2,4,,,,
367,2019-04-03 05:34:06.256461,1,235147,93.5,1,1,T_1,2,1,,,,
368,2019-04-03 05:34:06.292979,1,235148,93.0,1,1,T_1,2,2,,,,
369,2019-04-03 05:34:06.330523,1,235149,92.75,1,1,T_1,2,3,,,,
370,2019-04-03 05:34:06.366035,1,235150,92.5,1,1,T_1,2,4,,,,
371,2019-04-03 05:34:06.402993,1,235151,94.1,1,-1,T_2,2,1,,,,
372,2019-04-03 05:34:06.439839,1,235152,94.5,1,-1,T_2,2,2,,,,
373,2019-04-03 05:34:06.475949,1,235153,95.0,1,-1,T_2,2,3,,,,
374,2019-04-03 05:34:06.513366,1,235154,95.25,1,-1,T_2,2,4,,,,
375,2019-04-03 05:34:06.551400,1,235155,94.1,1,-1,T_2,2,1,,,,
376,2019-04-03 05:34:06.586872,1,235156,94.5,1,-1,T_2,2,2,,,,
377,2019-04-03 05:34:06.622955,1,235157,95.0,1,-1,T_2,2,3,,,,
378,2019-04-03 05:34:06.658394,1,235158,95.25,1,-1,T_2,2,4,,,,
379,2019-04-03 05:34:06.696713,1,235159,94.1,1,-1,T_2,2,1,,,,
380,2019-04-03 05:34:06.732395,1,235160,94.5,1,-1,T_2,2,2,,,,
381,2019-04-03 05:34:06.767341,1,235161,95.0,1,-1,T_2,2,3,,,,
382,2019-04-03 05:34:06.803222,1,235162,95.25,1,-1,T_2,2,4,,,,
383,2019-04-03 05:34:06.842752,1,235163,93.5,1,1,T_2,2,1,,,,
384,2019-04-03 05:34:06.879606,1,235164,93.0,1,1,T_2,2,2,,,,
385,2019-04-03 05:34:06.914858,1,235165,92.75,1,1,T_2,2,3,,,,
386,2019-04-03 05:34:06.951018,1,235166,92.5,1,1,T_2,2,4,,,,
387,2019-04-03 05:34:06.995220,1,235167,92.99,1,-1,T_3,2,-1,,,,
388,2019-04-03 05:34:07.030344,4,235167,92.99,1,-1,T_3,2,-1,T_3,92.99,1,2019-04-03 05:34:07
389,2019-04-03 05:34:07.030344,4,235040,92.99,1,1,T_1,2,-1,T_1,92.99,1,2019-04-03 05:34:01
390,2019-04-03 05:34:07.103024,1,235168,92.99,1,-1,T_3,2,-1,,,,
391,2019-04-03 05:34:07.135758,4,235168,92.99,1,-1,T_3,2,-1,T_3,92.99,1,2019-04-03 05:34:07
392,2019-04-03 05:34:07.135758,4,235044,92.99,1,1,T_2,2,-1,T_2,92.99,1,2019-04-03 05:34:01
393,2019-04-03 05:34:07.208030,1,235169,92.99,1,-1,T_3,2,-1,,,,
394,2019-04-03 05:34:07.241346,4,235169,92.99,1,-1,T_3,2,-1,T_3,92.99,1,2019-04-03 05:34:07
395,2019-04-03 05:34:07.241346,4,235056,92.99,1,1,T_2,2,-1,T_2,92.99,1,2019-04-03 05:34:01
396,2019-04-03 05:34:07.313848,1,235170,92.99,0,-1,T_3,2,-1,,,,
397,2019-04-03 05:34:07.351322,1,235171,92.99,0,-1,T_3,2,-1,,,,
398,2019-04-03 05:34:07.389497,1,235172,93.5,1,1,T_4,2,1,,,,
399,2019-04-03 05:34:07.424999,1,235173,93.0,1,1,T_4,2,2,,,,
400,2019-04-03 05:34:07.459552,1,235174,92.75,1,1,T_4,2,3,,,,
401,2019-04-03 05:34:07.494033,1,235175,92.5,1,1,T_4,2,4,,,,
402,2019-04-03 05:34:07.533599,1,235176,94.1,1,-1,T_4,2,1,,,,
403,2019-04-03 05:34:07.568445,1,235177,94.5,1,-1,T_4,2,2,,,,
404,2019-04-03 05:34:07.607342,1,235178,95.0,1,-1,T_4,2,3,,,,
405,2019-04-03 05:34:07.643529,1,235179,95.25,1,-1,T_4,2,4,,,,
406,2019-04-03 05:34:07.679781,1,235180,93.5,1,1,T_4,2,1,,,,
407,2019-04-03 05:34:07.715788,1,235181,93.0,1,1,T_4,2,2,,,,
408,2019-04-03 05:34:07.751293,1,235182,92.75,1,1,T_4,2,3,,,,
409,2019-04-03 05:34:07.792314,1,235183,92.5,1,1,T_4,2,4,,,,
410,2019-04-03 05:34:07.829605,1,235184,93.5,1,1,T_4,2,1,,,,
411,2019-04-03 05:34:07.865741,1,235185,93.0,1,1,T_4,2,2,,,,
412,2019-04-03 05:34:07.901125,1,235186,92.75,1,1,T_4,2,3,,,,
413,2019-04-03 05:34:07.937833,1,235187,92.5,1,1,T_4,2,4,,,,
414,2019-04-03 05:34:07.978499,1,235188,95.01,6,1,T_5,2,-1,,,,
415,2019-04-03 05:34:08.012366,4,234945,94.1,1,-1,T_2,2,-1,T_2,94.1,1,2019-04-03 05:33:56
416,2019-04-03 05:34:08.012366,4,234949,94.1,1,-1,T_2,2,-1,T_2,94.1,1,2019-04-03 05:33:56
417,2019-04-03 05:34:08.012366,4,234961,94.1,1,-1,T_4,2,-1,T_2,94.1,1,2019-04-03 05:33:56
418,2019-04-03 05:34:08.012366,4,234965,94.1,1,-1,T_4,2,-1,T_2,94.1,1,2019-04-03 05:33:56
419,2019-04-03 05:34:08.012366,4,234977,94.1,1,-1,T_1,2,-1,T_2,94.1,1,2019-04-03 05:33:56
420,2019-04-03 05:34:08.012366,4,234997,94.1,1,-1,T_2,2,-1,T_2,94.1,1,2019-04-03 05:33:56
421,2019-04-03 05:34:08.012366,4,235188,94.1,1,1,T_5,2,-1,T_5,94.1,1,2019-04-03 05:34:08
422,2019-04-03 05:34:08.012366,4,235188,94.1,1,1,T_5,2,-1,T_5,94.1,1,2019-04-03 05:34:08
423,2019-04-03 05:34:08.012366,4,235188,94.1,1,1,T_5,2,-1,T_5,94.1,1,2019-04-03 05:34:08
424,2019-04-03 05:34:08.012366,4,235188,94.1,1,1,T_5,2,-1,T_5,94.1,1,2019-04-03 05:34:08
425,2019-04-03 05:34:08.012366,4,235188,94.1,1,1,T_5,2,-1,T_5,94.1,1,2019-04-03 05:34:08
426,2019-04-03 05:34:08.012366,4,235188,94.1,1,1,T_5,2,-1,T_5,94.1,1,2019-04-03 05:34:08
427,2019-04-03 05:34:08.429679,1,235189,92.99,1,-1,T_5,2,-1,,,,
428,2019-04-03 05:34:08.463676,4,235189,92.99,1,-1,T_5,2,-1,T_5,92.99,1,2019-04-03 05:34:08
429,2019-04-03 05:34:08.463676,4,235072,92.99,1,1,T_4,2,-1,T_4,92.99,1,2019-04-03 05:34:02
430,2019-04-03 05:34:08.536731,1,235190,92.99,1,-1,T_5,2,-1,,,,
431,2019-04-03 05:34:08.571519,4,235190,92.99,1,-1,T_5,2,-1,T_5,92.99,1,2019-04-03 05:34:09
432,2019-04-03 05:34:08.571519,4,235076,92.99,1,1,T_4,2,-1,T_4,92.99,1,2019-04-03 05:34:03
433,2019-04-03 05:34:08.655849,1,235191,93.5,1,1,T_1,2,1,,,,
434,2019-04-03 05:34:08.692587,1,235192,93.0,1,1,T_1,2,2,,,,
435,2019-04-03 05:34:08.727491,1,235193,92.75,1,1,T_1,2,3,,,,
436,2019-04-03 05:34:08.763628,1,235194,92.5,1,1,T_1,2,4,,,,
437,2019-04-03 05:34:08.802327,1,235195,94.1,1,-1,T_1,2,1,,,,
438,2019-04-03 05:34:08.838381,1,235196,94.5,1,-1,T_1,2,2,,,,
439,2019-04-03 05:34:08.873446,1,235197,95.0,1,-1,T_1,2,3,,,,
440,2019-04-03 05:34:08.913772,1,235198,95.25,1,-1,T_1,2,4,,,,
441,2019-04-03 05:34:08.952531,1,235199,94.1,1,-1,T_1,2,1,,,,
442,2019-04-03 05:34:08.987835,1,235200,94.5,1,-1,T_1,2,2,,,,
443,2019-04-03 05:34:09.024268,1,235201,95.0,1,-1,T_1,2,3,,,,
444,2019-04-03 05:34:09.060414,1,235202,95.25,1,-1,T_1,2,4,,,,
445,2019-04-03 05:34:09.097799,1,235203,93.5,1,1,T_1,2,1,,,,
446,2019-04-03 05:34:09.133026,1,235204,93.0,1,1,T_1,2,2,,,,
447,2019-04-03 05:34:09.169897,1,235205,92.75,1,1,T_1,2,3,,,,
448,2019-04-03 05:34:09.209122,1,235206,92.5,1,1,T_1,2,4,,,,
449,2019-04-03 05:34:09.249748,1,235207,93.5,1,1,T_2,2,1,,,,
450,2019-04-03 05:34:09.285816,1,235208,93.0,1,1,T_2,2,2,,,,
451,2019-04-03 05:34:09.322186,1,235209,92.75,1,1,T_2,2,3,,,,
452,2019-04-03 05:34:09.358868,1,235210,92.5,1,1,T_2,2,4,,,,
453,2019-04-03 05:34:09.396225,1,235211,94.1,1,-1,T_2,2,1,,,,
454,2019-04-03 05:34:09.431497,1,235212,94.5,1,-1,T_2,2,2,,,,
455,2019-04-03 05:34:09.467384,1,235213,95.0,1,-1,T_2,2,3,,,,
456,2019-04-03 05:34:09.503661,1,235214,95.25,1,-1,T_2,2,4,,,,
457,2019-04-03 05:34:09.541332,1,235215,93.5,1,1,T_2,2,1,,,,
458,2019-04-03 05:34:09.577178,1,235216,93.0,1,1,T_2,2,2,,,,
459,2019-04-03 05:34:09.615531,1,235217,92.75,1,1,T_2,2,3,,,,
460,2019-04-03 05:34:09.657343,1,235218,92.5,1,1,T_2,2,4,,,,
461,2019-04-03 05:34:09.695823,1,235219,94.1,1,-1,T_2,2,1,,,,
462,2019-04-03 05:34:09.731699,1,235220,94.5,1,-1,T_2,2,2,,,,
463,2019-04-03 05:34:09.767734,1,235221,95.0,1,-1,T_2,2,3,,,,
464,2019-04-03 05:34:09.804549,1,235222,95.25,1,-1,T_2,2,4,,,,
465,2019-04-03 05:34:09.846290,1,235223,92.99,1,-1,T_3,2,-1,,,,
466,2019-04-03 05:34:09.879720,4,235223,92.99,1,-1,T_3,2,-1,T_3,92.99,1,2019-04-03 05:34:10
467,2019-04-03 05:34:09.879720,4,235083,92.99,1,1,T_1,2,-1,T_1,92.99,1,2019-04-03 05:34:03
468,2019-04-03 05:34:09.954210,1,235224,92.99,1,-1,T_3,2,-1,,,,
469,2019-04-03 05:34:09.988735,4,235224,92.99,1,-1,T_3,2,-1,T_3,92.99,1,2019-04-03 05:34:10
470,2019-04-03 05:34:09.988735,4,235087,92.99,1,1,T_1,2,-1,T_1,92.99,1,2019-04-03 05:34:03
471,2019-04-03 05:34:10.063563,1,235225,92.99,1,-1,T_3,2,-1,,,,
472,2019-04-03 05:34:10.095805,4,235225,92.99,1,-1,T_3,2,-1,T_3,92.99,1,2019-04-03 05:34:10
473,2019-04-03 05:34:10.095805,4,235091,92.99,1,1,T_1,2,-1,T_1,92.99,1,2019-04-03 05:34:03
474,2019-04-03 05:34:10.175612,1,235226,92.99,1,-1,T_3,2,-1,,,,
475,2019-04-03 05:34:10.210273,4,235226,92.99,1,-1,T_3,2,-1,T_3,92.99,1,2019-04-03 05:34:10
476,2019-04-03 05:34:10.210273,4,235114,92.99,1,1,T_4,2,-1,T_4,92.99,1,2019-04-03 05:34:05
477,2019-04-03 05:34:10.284959,1,235227,92.99,1,-1,T_3,2,-1,,,,
478,2019-04-03 05:34:10.319481,4,235227,92.99,1,-1,T_3,2,-1,T_3,92.99,1,2019-04-03 05:34:10
479,2019-04-03 05:34:10.319481,4,235143,92.99,1,1,T_1,2,-1,T_1,92.99,1,2019-04-03 05:34:06
480,2019-04-03 05:34:10.393353,1,235228,93.5,1,1,T_4,2,1,,,,
481,2019-04-03 05:34:10.429647,1,235229,93.0,1,1,T_4,2,2,,,,
482,2019-04-03 05:34:10.465924,1,235230,92.75,1,1,T_4,2,3,,,,
483,2019-04-03 05:34:10.502341,1,235231,92.5,1,1,T_4,2,4,,,,
484,2019-04-03 05:34:10.541155,1,235232,93.5,1,1,T_4,2,1,,,,
485,2019-04-03 05:34:10.577289,1,235233,93.0,1,1,T_4,2,2,,,,
486,2019-04-03 05:34:10.612730,1,235234,92.75,1,1,T_4,2,3,,,,
487,2019-04-03 05:34:10.648809,1,235235,92.5,1,1,T_4,2,4,,,,
488,2019-04-03 05:34:10.686397,1,235236,93.5,1,1,T_4,2,1,,,,
489,2019-04-03 05:34:10.723268,1,235237,93.0,1,1,T_4,2,2,,,,
490,2019-04-03 05:34:10.759403,1,235238,92.75,1,1,T_4,2,3,,,,
491,2019-04-03 05:34:10.795953,1,235239,92.5,1,1,T_4,2,4,,,,
492,2019-04-03 05:34:10.838120,1,235240,93.5,1,1,T_4,2,1,,,,
493,2019-04-03 05:34:10.874737,1,235241,93.0,1,1,T_4,2,2,,,,
494,2019-04-03 05:34:10.911114,1,235242,92.75,1,1,T_4,2,3,,,,
495,2019-04-03 05:34:10.946012,1,235243,92.5,1,1,T_4,2,4,,,,
496,2019-04-03 05:34:10.989919,1,235244,94.1,1,-1,T_4,2,1,,,,
497,2019-04-03 05:34:11.027216,1,235245,94.5,1,-1,T_4,2,2,,,,
498,2019-04-03 05:34:11.065137,1,235246,95.0,1,-1,T_4,2,3,,,,
499,2019-04-03 05:34:11.101959,1,235247,95.25,1,-1,T_4,2,4,,,,
500,2019-04-03 05:34:11.141829,1,235248,92.99,1,-1,T_5,2,-1,,,,
501,2019-04-03 05:34:11.175451,4,235248,92.99,1,-1,T_5,2,-1,T_5,92.99,1,2019-04-03 05:34:11
502,2019-04-03 05:34:11.175451,4,235147,92.99,1,1,T_1,2,-1,T_1,92.99,1,2019-04-03 05:34:06
503,2019-04-03 05:34:11.250864,1,235249,92.99,1,-1,T_5,2,-1,,,,
504,2019-04-03 05:34:11.286234,4,235249,92.99,1,-1,T_5,2,-1,T_5,92.99,1,2019-04-03 05:34:11
505,2019-04-03 05:34:11.286234,4,235163,92.99,1,1,T_2,2,-1,T_2,92.99,1,2019-04-03 05:34:07
506,2019-04-03 05:34:11.366527,1,235250,92.99,1,-1,T_5,2,-1,,,,
507,2019-04-03 05:34:11.401136,4,235250,92.99,1,-1,T_5,2,-1,T_5,92.99,1,2019-04-03 05:34:11
508,2019-04-03 05:34:11.401136,4,235172,92.99,1,1,T_4,2,-1,T_4,92.99,1,2019-04-03 05:34:07
509,2019-04-03 05:34:11.475023,1,235251,92.99,1,-1,T_5,2,-1,,,,
510,2019-04-03 05:34:11.508604,4,235251,92.99,1,-1,T_5,2,-1,T_5,92.99,1,2019-04-03 05:34:11
511,2019-04-03 05:34:11.508604,4,235180,92.99,1,1,T_4,2,-1,T_4,92.99,1,2019-04-03 05:34:08
512,2019-04-03 05:34:11.595532,1,235252,94.1,1,-1,T_1,2,1,,,,
513,2019-04-03 05:34:11.634570,1,235253,94.5,1,-1,T_1,2,2,,,,
514,2019-04-03 05:34:11.672133,1,235254,95.0,1,-1,T_1,2,3,,,,
515,2019-04-03 05:34:11.708647,1,235255,95.25,1,-1,T_1,2,4,,,,
516,2019-04-03 05:34:11.751643,1,235256,93.5,1,1,T_1,2,1,,,,
517,2019-04-03 05:34:11.788391,1,235257,93.0,1,1,T_1,2,2,,,,
518,2019-04-03 05:34:11.824921,1,235258,92.75,1,1,T_1,2,3,,,,
519,2019-04-03 05:34:11.861993,1,235259,92.5,1,1,T_1,2,4,,,,
520,2019-04-03 05:34:11.902239,1,235260,94.1,1,-1,T_1,2,1,,,,
521,2019-04-03 05:34:11.938787,1,235261,94.5,1,-1,T_1,2,2,,,,
522,2019-04-03 05:34:11.975693,1,235262,95.0,1,-1,T_1,2,3,,,,
523,2019-04-03 05:34:12.014421,1,235263,95.25,1,-1,T_1,2,4,,,,
524,2019-04-03 05:34:12.055318,1,235264,94.1,1,-1,T_1,2,1,,,,
525,2019-04-03 05:34:12.092673,1,235265,94.5,1,-1,T_1,2,2,,,,
526,2019-04-03 05:34:12.130288,1,235266,95.0,1,-1,T_1,2,3,,,,
527,2019-04-03 05:34:12.168411,1,235267,95.25,1,-1,T_1,2,4,,,,
528,2019-04-03 05:34:12.221261,1,235268,93.5,1,1,T_1,2,1,,,,
529,2019-04-03 05:34:12.258642,1,235269,93.0,1,1,T_1,2,2,,,,
530,2019-04-03 05:34:12.297891,1,235270,92.75,1,1,T_1,2,3,,,,
531,2019-04-03 05:34:12.334874,1,235271,92.5,1,1,T_1,2,4,,,,
532,2019-04-03 05:34:12.375379,1,235272,94.1,1,-1,T_2,2,1,,,,
533,2019-04-03 05:34:12.413169,1,235273,94.5,1,-1,T_2,2,2,,,,
534,2019-04-03 05:34:12.451055,1,235274,95.0,1,-1,T_2,2,3,,,,
535,2019-04-03 05:34:12.490969,1,235275,95.25,1,-1,T_2,2,4,,,,
536,2019-04-03 05:34:12.533066,1,235276,94.1,1,-1,T_2,2,1,,,,
537,2019-04-03 05:34:12.571856,1,235277,94.5,1,-1,T_2,2,2,,,,
538,2019-04-03 05:34:12.616466,1,235278,95.0,1,-1,T_2,2,3,,,,
539,2019-04-03 05:34:12.654727,1,235279,95.25,1,-1,T_2,2,4,,,,
540,2019-04-03 05:34:12.695404,1,235280,94.1,1,-1,T_2,2,1,,,,
541,2019-04-03 05:34:12.733118,1,235281,94.5,1,-1,T_2,2,2,,,,
542,2019-04-03 05:34:12.768624,1,235282,95.0,1,-1,T_2,2,3,,,,
543,2019-04-03 05:34:12.805342,1,235283,95.25,1,-1,T_2,2,4,,,,
544,2019-04-03 05:34:12.845197,1,235284,94.1,1,-1,T_2,2,1,,,,
545,2019-04-03 05:34:12.881291,1,235285,94.5,1,-1,T_2,2,2,,,,
546,2019-04-03 05:34:12.919927,1,235286,95.0,1,-1,T_2,2,3,,,,
547,2019-04-03 05:34:12.957992,1,235287,95.25,1,-1,T_2,2,4,,,,
548,2019-04-03 05:34:12.998554,1,235288,94.1,1,-1,T_2,2,1,,,,
549,2019-04-03 05:34:13.037967,1,235289,94.5,1,-1,T_2,2,2,,,,
550,2019-04-03 05:34:13.075549,1,235290,95.0,1,-1,T_2,2,3,,,,
551,2019-04-03 05:34:13.112566,1,235291,95.25,1,-1,T_2,2,4,,,,
552,2019-04-03 05:34:13.152809,1,235292,92.99,1,-1,T_3,2,-1,,,,
553,2019-04-03 05:34:13.187297,4,235292,92.99,1,-1,T_3,2,-1,T_3,92.99,1,2019-04-03 05:34:13
554,2019-04-03 05:34:13.187297,4,235184,92.99,1,1,T_4,2,-1,T_4,92.99,1,2019-04-03 05:34:08
555,2019-04-03 05:34:13.267528,1,235293,95.01,8,1,T_3,2,-1,,,,
556,2019-04-03 05:34:13.301450,4,235009,94.1,1,-1,T_4,2,-1,T_4,94.1,1,2019-04-03 05:33:59
557,2019-04-03 05:34:13.301450,4,235017,94.1,1,-1,T_4,2,-1,T_4,94.1,1,2019-04-03 05:33:59
558,2019-04-03 05:34:13.301450,4,235021,94.1,1,-1,T_4,2,-1,T_4,94.1,1,2019-04-03 05:33:59
559,2019-04-03 05:34:13.301450,4,235048,94.1,1,-1,T_2,2,-1,T_4,94.1,1,2019-04-03 05:33:59
560,2019-04-03 05:34:13.301450,4,235052,94.1,1,-1,T_2,2,-1,T_4,94.1,1,2019-04-03 05:33:59
561,2019-04-03 05:34:13.301450,4,235060,94.1,1,-1,T_2,2,-1,T_4,94.1,1,2019-04-03 05:33:59
562,2019-04-03 05:34:13.301450,4,235068,94.1,1,-1,T_4,2,-1,T_4,94.1,1,2019-04-03 05:33:59
563,2019-04-03 05:34:13.301450,4,235095,94.1,1,-1,T_1,2,-1,T_4,94.1,1,2019-04-03 05:33:59
564,2019-04-03 05:34:13.301450,4,235293,94.1,1,1,T_3,2,-1,T_3,94.1,1,2019-04-03 05:34:13
565,2019-04-03 05:34:13.301450,4,235293,94.1,1,1,T_3,2,-1,T_3,94.1,1,2019-04-03 05:34:13
566,2019-04-03 05:34:13.301450,4,235293,94.1,1,1,T_3,2,-1,T_3,94.1,1,2019-04-03 05:34:13
567,2019-04-03 05:34:13.301450,4,235293,94.1,1,1,T_3,2,-1,T_3,94.1,1,2019-04-03 05:34:13
568,2019-04-03 05:34:13.301450,4,235293,94.1,1,1,T_3,2,-1,T_3,94.1,1,2019-04-03 05:34:13
569,2019-04-03 05:34:13.301450,4,235293,94.1,1,1,T_3,2,-1,T_3,94.1,1,2019-04-03 05:34:13
570,2019-04-03 05:34:13.301450,4,235293,94.1,1,1,T_3,2,-1,T_3,94.1,1,2019-04-03 05:34:13
571,2019-04-03 05:34:13.301450,4,235293,94.1,1,1,T_3,2,-1,T_3,94.1,1,2019-04-03 05:34:13
572,2019-04-03 05:34:13.874973,1,235294,92.99,1,-1,T_3,2,-1,,,,
573,2019-04-03 05:34:13.909377,4,235294,92.99,1,-1,T_3,2,-1,T_3,92.99,1,2019-04-03 05:34:14
574,2019-04-03 05:34:13.909377,4,235191,92.99,1,1,T_1,2,-1,T_1,92.99,1,2019-04-03 05:34:09
575,2019-04-03 05:34:13.988151,1,235295,92.99,0,-1,T_3,2,-1,,,,
576,2019-04-03 05:34:14.035082,1,235296,93.5,1,1,T_4,2,1,,,,
577,2019-04-03 05:34:14.072351,1,235297,93.0,1,1,T_4,2,2,,,,
578,2019-04-03 05:34:14.108299,1,235298,92.75,1,1,T_4,2,3,,,,
579,2019-04-03 05:34:14.144318,1,235299,92.5,1,1,T_4,2,4,,,,
580,2019-04-03 05:34:14.185534,1,235300,93.5,1,1,T_4,2,1,,,,
581,2019-04-03 05:34:14.223687,1,235301,93.0,1,1,T_4,2,2,,,,
582,2019-04-03 05:34:14.260366,1,235302,92.75,1,1,T_4,2,3,,,,
583,2019-04-03 05:34:14.294943,1,235303,92.5,1,1,T_4,2,4,,,,
584,2019-04-03 05:34:14.334255,1,235304,94.1,1,-1,T_4,2,1,,,,
585,2019-04-03 05:34:14.371837,1,235305,94.5,1,-1,T_4,2,2,,,,
586,2019-04-03 05:34:14.409009,1,235306,95.0,1,-1,T_4,2,3,,,,
587,2019-04-03 05:34:14.447817,1,235307,95.25,1,-1,T_4,2,4,,,,
588,2019-04-03 05:34:14.486986,1,235308,94.1,1,-1,T_4,2,1,,,,
589,2019-04-03 05:34:14.523940,1,235309,94.5,1,-1,T_4,2,2,,,,
590,2019-04-03 05:34:14.560491,1,235310,95.0,1,-1,T_4,2,3,,,,
591,2019-04-03 05:34:14.597835,1,235311,95.25,1,-1,T_4,2,4,,,,
592,2019-04-03 05:34:14.640180,1,235312,92.99,1,-1,T_5,2,-1,,,,
593,2019-04-03 05:34:14.674117,4,235312,92.99,1,-1,T_5,2,-1,T_5,92.99,1,2019-04-03 05:34:15
594,2019-04-03 05:34:14.674117,4,235203,92.99,1,1,T_1,2,-1,T_1,92.99,1,2019-04-03 05:34:09
595,2019-04-03 05:34:14.757713,1,235313,92.99,1,-1,T_5,2,-1,,,,
596,2019-04-03 05:34:14.792629,4,235313,92.99,1,-1,T_5,2,-1,T_5,92.99,1,2019-04-03 05:34:15
597,2019-04-03 05:34:14.792629,4,235207,92.99,1,1,T_2,2,-1,T_2,92.99,1,2019-04-03 05:34:09
598,2019-04-03 05:34:14.870300,1,235314,92.99,0,-1,T_5,2,-1,,,,
599,2019-04-03 05:34:14.921796,1,235315,93.5,1,1,T_1,2,1,,,,
600,2019-04-03 05:34:14.958079,1,235316,93.0,1,1,T_1,2,2,,,,
601,2019-04-03 05:34:14.996098,1,235317,92.75,1,1,T_1,2,3,,,,
602,2019-04-03 05:34:15.032825,1,235318,92.5,1,1,T_1,2,4,,,,
603,2019-04-03 05:34:15.072737,1,235319,93.5,1,1,T_1,2,1,,,,
604,2019-04-03 05:34:15.108885,1,235320,93.0,1,1,T_1,2,2,,,,
605,2019-04-03 05:34:15.144821,1,235321,92.75,1,1,T_1,2,3,,,,
606,2019-04-03 05:34:15.183353,1,235322,92.5,1,1,T_1,2,4,,,,
607,2019-04-03 05:34:15.223588,1,235323,94.1,1,-1,T_1,2,1,,,,
608,2019-04-03 05:34:15.259308,1,235324,94.5,1,-1,T_1,2,2,,,,
609,2019-04-03 05:34:15.297849,1,235325,95.0,1,-1,T_1,2,3,,,,
610,2019-04-03 05:34:15.336884,1,235326,95.25,1,-1,T_1,2,4,,,,
611,2019-04-03 05:34:15.379617,1,235327,94.1,1,-1,T_1,2,1,,,,
612,2019-04-03 05:34:15.415850,1,235328,94.5,1,-1,T_1,2,2,,,,
613,2019-04-03 05:34:15.454014,1,235329,95.0,1,-1,T_1,2,3,,,,
614,2019-04-03 05:34:15.489539,1,235330,95.25,1,-1,T_1,2,4,,,,
615,2019-04-03 05:34:15.532247,1,235331,94.1,1,-1,T_2,2,1,,,,
616,2019-04-03 05:34:15.568419,1,235332,94.5,1,-1,T_2,2,2,,,,
617,2019-04-03 05:34:15.605975,1,235333,95.0,1,-1,T_2,2,3,,,,
618,2019-04-03 05:34:15.645714,1,235334,95.25,1,-1,T_2,2,4,,,,
619,2019-04-03 05:34:15.687094,1,235335,94.1,1,-1,T_2,2,1,,,,
620,2019-04-03 05:34:15.725090,1,235336,94.5,1,-1,T_2,2,2,,,,
621,2019-04-03 05:34:15.761137,1,235337,95.0,1,-1,T_2,2,3,,,,
622,2019-04-03 05:34:15.798297,1,235338,95.25,1,-1,T_2,2,4,,,,
623,2019-04-03 05:34:15.839806,1,235339,94.1,1,-1,T_2,2,1,,,,
624,2019-04-03 05:34:15.878411,1,235340,94.5,1,-1,T_2,2,2,,,,
625,2019-04-03 05:34:15.915344,1,235341,95.0,1,-1,T_2,2,3,,,,
626,2019-04-03 05:34:15.953329,1,235342,95.25,1,-1,T_2,2,4,,,,
627,2019-04-03 05:34:15.994652,1,235343,94.1,1,-1,T_2,2,1,,,,
628,2019-04-03 05:34:16.032767,1,235344,94.5,1,-1,T_2,2,2,,,,
629,2019-04-03 05:34:16.070186,1,235345,95.0,1,-1,T_2,2,3,,,,
630,2019-04-03 05:34:16.110171,1,235346,95.25,1,-1,T_2,2,4,,,,
631,2019-04-03 05:34:16.162988,1,235347,94.1,1,-1,T_2,2,1,,,,
632,2019-04-03 05:34:16.202881,1,235348,94.5,1,-1,T_2,2,2,,,,
633,2019-04-03 05:34:16.238502,1,235349,95.0,1,-1,T_2,2,3,,,,
634,2019-04-03 05:34:16.276787,1,235350,95.25,1,-1,T_2,2,4,,,,
635,2019-04-03 05:34:16.326198,1,235351,92.99,1,-1,T_3,2,-1,,,,
636,2019-04-03 05:34:16.360097,4,235351,92.99,1,-1,T_3,2,-1,T_3,92.99,1,2019-04-03 05:34:16
637,2019-04-03 05:34:16.360097,4,235215,92.99,1,1,T_2,2,-1,T_2,92.99,1,2019-04-03 05:34:10
638,2019-04-03 05:34:16.439088,1,235352,92.99,1,-1,T_3,2,-1,,,,
639,2019-04-03 05:34:16.473646,4,235352,92.99,1,-1,T_3,2,-1,T_3,92.99,1,2019-04-03 05:34:16
640,2019-04-03 05:34:16.473646,4,235228,92.99,1,1,T_4,2,-1,T_4,92.99,1,2019-04-03 05:34:10
641,2019-04-03 05:34:16.552881,1,235353,92.99,0,-1,T_3,2,-1,,,,
642,2019-04-03 05:34:16.600017,1,235354,92.99,0,-1,T_3,2,-1,,,,
643,2019-04-03 05:34:16.642411,1,235355,94.1,1,-1,T_4,2,1,,,,
644,2019-04-03 05:34:16.678732,1,235356,94.5,1,-1,T_4,2,2,,,,
645,2019-04-03 05:34:16.716841,1,235357,95.0,1,-1,T_4,2,3,,,,
646,2019-04-03 05:34:16.757752,1,235358,95.25,1,-1,T_4,2,4,,,,
647,2019-04-03 05:34:16.803803,1,235359,94.1,1,-1,T_4,2,1,,,,
648,2019-04-03 05:34:16.841521,1,235360,94.5,1,-1,T_4,2,2,,,,
649,2019-04-03 05:34:16.879473,1,235361,95.0,1,-1,T_4,2,3,,,,
650,2019-04-03 05:34:16.917560,1,235362,95.25,1,-1,T_4,2,4,,,,
651,2019-04-03 05:34:16.959543,1,235363,94.1,1,-1,T_4,2,1,,,,
652,2019-04-03 05:34:16.997705,1,235364,94.5,1,-1,T_4,2,2,,,,
653,2019-04-03 05:34:17.036387,1,235365,95.0,1,-1,T_4,2,3,,,,
654,2019-04-03 05:34:17.074968,1,235366,95.25,1,-1,T_4,2,4,,,,
655,2019-04-03 05:34:17.115022,1,235367,93.5,1,1,T_4,2,1,,,,
656,2019-04-03 05:34:17.152366,1,235368,93.0,1,1,T_4,2,2,,,,
657,2019-04-03 05:34:17.191321,1,235369,92.75,1,1,T_4,2,3,,,,
658,2019-04-03 05:34:17.229978,1,235370,92.5,1,1,T_4,2,4,,,,
659,2019-04-03 05:34:17.275221,1,235371,92.99,1,-1,T_5,2,-1,,,,
660,2019-04-03 05:34:17.310117,4,235371,92.99,1,-1,T_5,2,-1,T_5,92.99,1,2019-04-03 05:34:17
661,2019-04-03 05:34:17.310117,4,235232,92.99,1,1,T_4,2,-1,T_4,92.99,1,2019-04-03 05:34:11
662,2019-04-03 05:34:17.392579,1,235372,92.99,0,-1,T_5,2,-1,,,,
663,2019-04-03 05:34:17.433042,1,235373,92.99,0,-1,T_5,2,-1,,,,
664,2019-04-03 05:34:17.483204,1,235374,94.1,1,-1,T_1,2,1,,,,
665,2019-04-03 05:34:17.520651,1,235375,94.5,1,-1,T_1,2,2,,,,
666,2019-04-03 05:34:17.558200,1,235376,95.0,1,-1,T_1,2,3,,,,
667,2019-04-03 05:34:17.597332,1,235377,95.25,1,-1,T_1,2,4,,,,
668,2019-04-03 05:34:17.640696,1,235378,94.1,1,-1,T_1,2,1,,,,
669,2019-04-03 05:34:17.678216,1,235379,94.5,1,-1,T_1,2,2,,,,
670,2019-04-03 05:34:17.716376,1,235380,95.0,1,-1,T_1,2,3,,,,
671,2019-04-03 05:34:17.753427,1,235381,95.25,1,-1,T_1,2,4,,,,
672,2019-04-03 05:34:17.798004,1,235382,93.5,1,1,T_1,2,1,,,,
673,2019-04-03 05:34:17.835528,1,235383,93.0,1,1,T_1,2,2,,,,
674,2019-04-03 05:34:17.872591,1,235384,92.75,1,1,T_1,2,3,,,,
675,2019-04-03 05:34:17.911184,1,235385,92.5,1,1,T_1,2,4,,,,
676,2019-04-03 05:34:17.954391,1,235386,94.1,1,-1,T_1,2,1,,,,
677,2019-04-03 05:34:17.990960,1,235387,94.5,1,-1,T_1,2,2,,,,
678,2019-04-03 05:34:18.028429,1,235388,95.0,1,-1,T_1,2,3,,,,
679,2019-04-03 05:34:18.066488,1,235389,95.25,1,-1,T_1,2,4,,,,
680,2019-04-03 05:34:18.110613,1,235390,94.1,1,-1,T_2,2,1,,,,
681,2019-04-03 05:34:18.148337,1,235391,94.5,1,-1,T_2,2,2,,,,
682,2019-04-03 05:34:18.185109,1,235392,95.0,1,-1,T_2,2,3,,,,
683,2019-04-03 05:34:18.224461,1,235393,95.25,1,-1,T_2,2,4,,,,
684,2019-04-03 05:34:18.267667,1,235394,94.1,1,-1,T_2,2,1,,,,
685,2019-04-03 05:34:18.307413,1,235395,94.5,1,-1,T_2,2,2,,,,
686,2019-04-03 05:34:18.345062,1,235396,95.0,1,-1,T_2,2,3,,,,
687,2019-04-03 05:34:18.383003,1,235397,95.25,1,-1,T_2,2,4,,,,
688,2019-04-03 05:34:18.424343,1,235398,94.1,1,-1,T_2,2,1,,,,
689,2019-04-03 05:34:18.462607,1,235399,94.5,1,-1,T_2,2,2,,,,
690,2019-04-03 05:34:18.501065,1,235400,95.0,1,-1,T_2,2,3,,,,
691,2019-04-03 05:34:18.540166,1,235401,95.25,1,-1,T_2,2,4,,,,
692,2019-04-03 05:34:18.581395,1,235402,94.1,1,-1,T_2,2,1,,,,
693,2019-04-03 05:34:18.619008,1,235403,94.5,1,-1,T_2,2,2,,,,
694,2019-04-03 05:34:18.656814,1,235404,95.0,1,-1,T_2,2,3,,,,
695,2019-04-03 05:34:18.696150,1,235405,95.25,1,-1,T_2,2,4,,,,
696,2019-04-03 05:34:18.737838,1,235406,92.99,1,-1,T_3,2,-1,,,,
697,2019-04-03 05:34:18.771954,4,235406,92.99,1,-1,T_3,2,-1,T_3,92.99,1,2019-04-03 05:34:19
698,2019-04-03 05:34:18.771954,4,235236,92.99,1,1,T_4,2,-1,T_4,92.99,1,2019-04-03 05:34:11
699,2019-04-03 05:34:18.852559,1,235407,92.99,0,-1,T_3,2,-1,,,,
700,2019-04-03 05:34:18.894855,1,235408,92.99,0,-1,T_3,2,-1,,,,
701,2019-04-03 05:34:18.936975,1,235409,92.99,0,-1,T_3,2,-1,,,,
702,2019-04-03 05:34:18.978834,1,235410,92.99,0,-1,T_3,2,-1,,,,
703,2019-04-03 05:34:19.021394,1,235411,93.5,1,1,T_4,2,1,,,,
704,2019-04-03 05:34:19.059071,1,235412,93.0,1,1,T_4,2,2,,,,
705,2019-04-03 05:34:19.098296,1,235413,92.75,1,1,T_4,2,3,,,,
706,2019-04-03 05:34:19.135880,1,235414,92.5,1,1,T_4,2,4,,,,
707,2019-04-03 05:34:19.178101,1,235415,93.5,1,1,T_4,2,1,,,,
708,2019-04-03 05:34:19.217363,1,235416,93.0,1,1,T_4,2,2,,,,
709,2019-04-03 05:34:19.256088,1,235417,92.75,1,1,T_4,2,3,,,,
710,2019-04-03 05:34:19.293630,1,235418,92.5,1,1,T_4,2,4,,,,
711,2019-04-03 05:34:19.335869,1,235419,94.1,1,-1,T_4,2,1,,,,
712,2019-04-03 05:34:19.373215,1,235420,94.5,1,-1,T_4,2,2,,,,
713,2019-04-03 05:34:19.412552,1,235421,95.0,1,-1,T_4,2,3,,,,
714,2019-04-03 05:34:19.450556,1,235422,95.25,1,-1,T_4,2,4,,,,
715,2019-04-03 05:34:19.494936,1,235423,94.1,1,-1,T_4,2,1,,,,
716,2019-04-03 05:34:19.532427,1,235424,94.5,1,-1,T_4,2,2,,,,
717,2019-04-03 05:34:19.570551,1,235425,95.0,1,-1,T_4,2,3,,,,
718,2019-04-03 05:34:19.609111,1,235426,95.25,1,-1,T_4,2,4,,,,
719,2019-04-03 05:34:19.654534,1,235427,92.99,1,-1,T_5,2,-1,,,,
720,2019-04-03 05:34:19.688131,4,235427,92.99,1,-1,T_5,2,-1,T_5,92.99,1,2019-04-03 05:34:20
721,2019-04-03 05:34:19.688131,4,235240,92.99,1,1,T_4,2,-1,T_4,92.99,1,2019-04-03 05:34:11
722,2019-04-03 05:34:19.768495,1,235428,92.99,1,-1,T_5,2,-1,,,,
723,2019-04-03 05:34:19.804050,4,235428,92.99,1,-1,T_5,2,-1,T_5,92.99,1,2019-04-03 05:34:20
724,2019-04-03 05:34:19.804050,4,235256,92.99,1,1,T_1,2,-1,T_1,92.99,1,2019-04-03 05:34:12
725,2019-04-03 05:34:19.881623,1,235429,92.99,0,-1,T_5,2,-1,,,,
726,2019-04-03 05:34:19.922349,1,235430,92.99,0,-1,T_5,2,-1,,,,
727,2019-04-03 05:34:19.975623,1,235431,93.5,1,1,T_1,2,1,,,,
728,2019-04-03 05:34:20.013694,1,235432,93.0,1,1,T_1,2,2,,,,
729,2019-04-03 05:34:20.052752,1,235433,92.75,1,1,T_1,2,3,,,,
730,2019-04-03 05:34:20.090402,1,235434,92.5,1,1,T_1,2,4,,,,
731,2019-04-03 05:34:20.135242,1,235435,93.5,1,1,T_1,2,1,,,,
732,2019-04-03 05:34:20.174155,1,235436,93.0,1,1,T_1,2,2,,,,
733,2019-04-03 05:34:20.212940,1,235437,92.75,1,1,T_1,2,3,,,,
734,2019-04-03 05:34:20.251098,1,235438,92.5,1,1,T_1,2,4,,,,
735,2019-04-03 05:34:20.292090,1,235439,93.5,1,1,T_1,2,1,,,,
736,2019-04-03 05:34:20.329615,1,235440,93.0,1,1,T_1,2,2,,,,
737,2019-04-03 05:34:20.366850,1,235441,92.75,1,1,T_1,2,3,,,,
738,2019-04-03 05:34:20.409059,1,235442,92.5,1,1,T_1,2,4,,,,
739,2019-04-03 05:34:20.450346,1,235443,93.5,1,1,T_1,2,1,,,,
740,2019-04-03 05:34:20.488770,1,235444,93.0,1,1,T_1,2,2,,,,
741,2019-04-03 05:34:20.528225,1,235445,92.75,1,1,T_1,2,3,,,,
742,2019-04-03 05:34:20.568220,1,235446,92.5,1,1,T_1,2,4,,,,
743,2019-04-03 05:34:20.622452,1,235447,93.5,1,1,T_2,2,1,,,,
744,2019-04-03 05:34:20.661036,1,235448,93.0,1,1,T_2,2,2,,,,
745,2019-04-03 05:34:20.700096,1,235449,92.75,1,1,T_2,2,3,,,,
746,2019-04-03 05:34:20.739208,1,235450,92.5,1,1,T_2,2,4,,,,
747,2019-04-03 05:34:20.781034,1,235451,93.5,1,1,T_2,2,1,,,,
748,2019-04-03 05:34:20.818808,1,235452,93.0,1,1,T_2,2,2,,,,
749,2019-04-03 05:34:20.857603,1,235453,92.75,1,1,T_2,2,3,,,,
750,2019-04-03 05:34:20.899908,1,235454,92.5,1,1,T_2,2,4,,,,
751,2019-04-03 05:34:20.943871,1,235455,93.5,1,1,T_2,2,1,,,,
752,2019-04-03 05:34:20.980338,1,235456,93.0,1,1,T_2,2,2,,,,
753,2019-04-03 05:34:21.021528,1,235457,92.75,1,1,T_2,2,3,,,,
754,2019-04-03 05:34:21.057967,1,235458,92.5,1,1,T_2,2,4,,,,
755,2019-04-03 05:34:21.098664,1,235459,94.1,1,-1,T_2,2,1,,,,
756,2019-04-03 05:34:21.135920,1,235460,94.5,1,-1,T_2,2,2,,,,
757,2019-04-03 05:34:21.173023,1,235461,95.0,1,-1,T_2,2,3,,,,
758,2019-04-03 05:34:21.210956,1,235462,95.25,1,-1,T_2,2,4,,,,
759,2019-04-03 05:34:21.253859,1,235463,92.99,1,-1,T_3,2,-1,,,,
760,2019-04-03 05:34:21.287697,4,235463,92.99,1,-1,T_3,2,-1,T_3,92.99,1,2019-04-03 05:34:21
761,2019-04-03 05:34:21.287697,4,235268,92.99,1,1,T_1,2,-1,T_1,92.99,1,2019-04-03 05:34:12
762,2019-04-03 05:34:21.366562,1,235464,92.99,1,-1,T_3,2,-1,,,,
763,2019-04-03 05:34:21.410047,4,235464,92.99,1,-1,T_3,2,-1,T_3,92.99,1,2019-04-03 05:34:21
764,2019-04-03 05:34:21.410047,4,235296,92.99,1,1,T_4,2,-1,T_4,92.99,1,2019-04-03 05:34:14
765,2019-04-03 05:34:21.491335,1,235465,92.99,1,-1,T_3,2,-1,,,,
766,2019-04-03 05:34:21.526106,4,235465,92.99,1,-1,T_3,2,-1,T_3,92.99,1,2019-04-03 05:34:21
767,2019-04-03 05:34:21.526106,4,235300,92.99,1,1,T_4,2,-1,T_4,92.99,1,2019-04-03 05:34:14
768,2019-04-03 05:34:21.604740,1,235466,92.99,1,-1,T_3,2,-1,,,,
769,2019-04-03 05:34:21.639118,4,235466,92.99,1,-1,T_3,2,-1,T_3,92.99,1,2019-04-03 05:34:22
770,2019-04-03 05:34:21.639118,4,235315,92.99,1,1,T_1,2,-1,T_1,92.99,1,2019-04-03 05:34:15
771,2019-04-03 05:34:21.719401,1,235467,92.99,1,-1,T_3,2,-1,,,,
772,2019-04-03 05:34:21.752862,4,235467,92.99,1,-1,T_3,2,-1,T_3,92.99,1,2019-04-03 05:34:22
773,2019-04-03 05:34:21.752862,4,235319,92.99,1,1,T_1,2,-1,T_1,92.99,1,2019-04-03 05:34:15
774,2019-04-03 05:34:21.831642,1,235468,93.5,1,1,T_4,2,1,,,,
775,2019-04-03 05:34:21.869204,1,235469,93.0,1,1,T_4,2,2,,,,
776,2019-04-03 05:34:21.908613,1,235470,92.75,1,1,T_4,2,3,,,,
777,2019-04-03 05:34:21.945264,1,235471,92.5,1,1,T_4,2,4,,,,
778,2019-04-03 05:34:21.988297,1,235472,93.5,1,1,T_4,2,1,,,,
779,2019-04-03 05:34:22.027874,1,235473,93.0,1,1,T_4,2,2,,,,
780,2019-04-03 05:34:22.066016,1,235474,92.75,1,1,T_4,2,3,,,,
781,2019-04-03 05:34:22.103894,1,235475,92.5,1,1,T_4,2,4,,,,
782,2019-04-03 05:34:22.147192,1,235476,93.5,1,1,T_4,2,1,,,,
783,2019-04-03 05:34:22.186732,1,235477,93.0,1,1,T_4,2,2,,,,
784,2019-04-03 05:34:22.227131,1,235478,92.75,1,1,T_4,2,3,,,,
785,2019-04-03 05:34:22.267433,1,235479,92.5,1,1,T_4,2,4,,,,
786,2019-04-03 05:34:22.319358,1,235480,92.99,1,-1,T_5,2,-1,,,,
787,2019-04-03 05:34:22.354263,4,235480,92.99,1,-1,T_5,2,-1,T_5,92.99,1,2019-04-03 05:34:22
788,2019-04-03 05:34:22.354263,4,235367,92.99,1,1,T_4,2,-1,T_4,92.99,1,2019-04-03 05:34:17
789,2019-04-03 05:34:22.436758,1,235481,92.99,1,-1,T_5,2,-1,,,,
790,2019-04-03 05:34:22.471970,4,235481,92.99,1,-1,T_5,2,-1,T_5,92.99,1,2019-04-03 05:34:22
791,2019-04-03 05:34:22.471970,4,235382,92.99,1,1,T_1,2,-1,T_1,92.99,1,2019-04-03 05:34:18
792,2019-04-03 05:34:22.552879,1,235482,92.99,1,-1,T_5,2,-1,,,,
793,2019-04-03 05:34:22.586653,4,235482,92.99,1,-1,T_5,2,-1,T_5,92.99,1,2019-04-03 05:34:23
794,2019-04-03 05:34:22.586653,4,235411,92.99,1,1,T_4,2,-1,T_4,92.99,1,2019-04-03 05:34:19
795,2019-04-03 05:34:22.669196,1,235483,92.99,1,-1,T_5,2,-1,,,,
796,2019-04-03 05:34:22.704333,4,235483,92.99,1,-1,T_5,2,-1,T_5,92.99,1,2019-04-03 05:34:23
797,2019-04-03 05:34:22.704333,4,235415,92.99,1,1,T_4,2,-1,T_4,92.99,1,2019-04-03 05:34:19
798,2019-04-03 05:34:22.794323,1,235484,93.5,1,1,T_1,2,1,,,,
799,2019-04-03 05:34:22.833016,1,235485,93.0,1,1,T_1,2,2,,,,
800,2019-04-03 05:34:22.872997,1,235486,92.75,1,1,T_1,2,3,,,,
801,2019-04-03 05:34:22.911459,1,235487,92.5,1,1,T_1,2,4,,,,
802,2019-04-03 05:34:22.953597,1,235488,93.5,1,1,T_1,2,1,,,,
803,2019-04-03 05:34:22.991579,1,235489,93.0,1,1,T_1,2,2,,,,
804,2019-04-03 05:34:23.030997,1,235490,92.75,1,1,T_1,2,3,,,,
805,2019-04-03 05:34:23.070512,1,235491,92.5,1,1,T_1,2,4,,,,
806,2019-04-03 05:34:23.117953,1,235492,94.1,1,-1,T_1,2,1,,,,
807,2019-04-03 05:34:23.156472,1,235493,94.5,1,-1,T_1,2,2,,,,
808,2019-04-03 05:34:23.193935,1,235494,95.0,1,-1,T_1,2,3,,,,
809,2019-04-03 05:34:23.233486,1,235495,95.25,1,-1,T_1,2,4,,,,
810,2019-04-03 05:34:23.275698,1,235496,94.1,1,-1,T_1,2,1,,,,
811,2019-04-03 05:34:23.313768,1,235497,94.5,1,-1,T_1,2,2,,,,
812,2019-04-03 05:34:23.351930,1,235498,95.0,1,-1,T_1,2,3,,,,
813,2019-04-03 05:34:23.390796,1,235499,95.25,1,-1,T_1,2,4,,,,
814,2019-04-03 05:34:23.436069,1,235500,94.1,1,-1,T_2,2,1,,,,
815,2019-04-03 05:34:23.475174,1,235501,94.5,1,-1,T_2,2,2,,,,
816,2019-04-03 05:34:23.515610,1,235502,95.0,1,-1,T_2,2,3,,,,
817,2019-04-03 05:34:23.555371,1,235503,95.25,1,-1,T_2,2,4,,,,
818,2019-04-03 05:34:23.599098,1,235504,94.1,1,-1,T_2,2,1,,,,
819,2019-04-03 05:34:23.638751,1,235505,94.5,1,-1,T_2,2,2,,,,
820,2019-04-03 05:34:23.678091,1,235506,95.0,1,-1,T_2,2,3,,,,
821,2019-04-03 05:34:23.719046,1,235507,95.25,1,-1,T_2,2,4,,,,
822,2019-04-03 05:34:23.765831,1,235508,93.5,1,1,T_2,2,1,,,,
823,2019-04-03 05:34:23.804482,1,235509,93.0,1,1,T_2,2,2,,,,
824,2019-04-03 05:34:23.842201,1,235510,92.75,1,1,T_2,2,3,,,,
825,2019-04-03 05:34:23.881208,1,235511,92.5,1,1,T_2,2,4,,,,
826,2019-04-03 05:34:23.924532,1,235512,94.1,1,-1,T_2,2,1,,,,
827,2019-04-03 05:34:23.963011,1,235513,94.5,1,-1,T_2,2,2,,,,
828,2019-04-03 05:34:24.001698,1,235514,95.0,1,-1,T_2,2,3,,,,
829,2019-04-03 05:34:24.040731,1,235515,95.25,1,-1,T_2,2,4,,,,
830,2019-04-03 05:34:24.083657,1,235516,92.99,1,-1,T_3,2,-1,,,,
831,2019-04-03 05:34:24.118023,4,235516,92.99,1,-1,T_3,2,-1,T_3,92.99,1,2019-04-03 05:34:24
832,2019-04-03 05:34:24.118023,4,235431,92.99,1,1,T_1,2,-1,T_1,92.99,1,2019-04-03 05:34:20
833,2019-04-03 05:34:24.199283,1,235517,95.01,12,1,T_3,2,-1,,,,
834,2019-04-03 05:34:24.234068,4,235099,94.1,1,-1,T_1,2,-1,T_1,94.1,1,2019-04-03 05:34:04
835,2019-04-03 05:34:24.234068,4,235103,94.1,1,-1,T_2,2,-1,T_1,94.1,1,2019-04-03 05:34:04
836,2019-04-03 05:34:24.234068,4,235107,94.1,1,-1,T_2,2,-1,T_1,94.1,1,2019-04-03 05:34:04
837,2019-04-03 05:34:24.234068,4,235118,94.1,1,-1,T_4,2,-1,T_1,94.1,1,2019-04-03 05:34:04
838,2019-04-03 05:34:24.234068,4,235122,94.1,1,-1,T_4,2,-1,T_1,94.1,1,2019-04-03 05:34:04
839,2019-04-03 05:34:24.234068,4,235126,94.1,1,-1,T_4,2,-1,T_1,94.1,1,2019-04-03 05:34:04
840,2019-04-03 05:34:24.234068,4,235130,94.1,1,-1,T_4,2,-1,T_1,94.1,1,2019-04-03 05:34:04
841,2019-04-03 05:34:24.234068,4,235139,94.1,1,-1,T_1,2,-1,T_1,94.1,1,2019-04-03 05:34:04
842,2019-04-03 05:34:24.234068,4,235151,94.1,1,-1,T_2,2,-1,T_1,94.1,1,2019-04-03 05:34:04
843,2019-04-03 05:34:24.234068,4,235155,94.1,1,-1,T_2,2,-1,T_1,94.1,1,2019-04-03 05:34:04
844,2019-04-03 05:34:24.234068,4,235159,94.1,1,-1,T_2,2,-1,T_1,94.1,1,2019-04-03 05:34:04
845,2019-04-03 05:34:24.234068,4,235176,94.1,1,-1,T_4,2,-1,T_1,94.1,1,2019-04-03 05:34:04
846,2019-04-03 05:34:24.234068,4,235517,94.1,1,1,T_3,2,-1,T_3,94.1,1,2019-04-03 05:34:24
847,2019-04-03 05:34:24.234068,4,235517,94.1,1,1,T_3,2,-1,T_3,94.1,1,2019-04-03 05:34:24
848,2019-04-03 05:34:24.234068,4,235517,94.1,1,1,T_3,2,-1,T_3,94.1,1,2019-04-03 05:34:24
849,2019-04-03 05:34:24.234068,4,235517,94.1,1,1,T_3,2,-1,T_3,94.1,1,2019-04-03 05:34:24
850,2019-04-03 05:34:24.234068,4,235517,94.1,1,1,T_3,2,-1,T_3,94.1,1,2019-04-03 05:34:24
851,2019-04-03 05:34:24.234068,4,235517,94.1,1,1,T_3,2,-1,T_3,94.1,1,2019-04-03 05:34:24
852,2019-04-03 05:34:24.234068,4,235517,94.1,1,1,T_3,2,-1,T_3,94.1,1,2019-04-03 05:34:24
853,2019-04-03 05:34:24.234068,4,235517,94.1,1,1,T_3,2,-1,T_3,94.1,1,2019-04-03 05:34:24
854,2019-04-03 05:34:24.234068,4,235517,94.1,1,1,T_3,2,-1,T_3,94.1,1,2019-04-03 05:34:24
855,2019-04-03 05:34:24.234068,4,235517,94.1,1,1,T_3,2,-1,T_3,94.1,1,2019-04-03 05:34:24
856,2019-04-03 05:34:24.234068,4,235517,94.1,1,1,T_3,2,-1,T_3,94.1,1,2019-04-03 05:34:24
857,2019-04-03 05:34:24.234068,4,235517,94.1,1,1,T_3,2,-1,T_3,94.1,1,2019-04-03 05:34:24
