,timestamp,type,order_id,price,volume,direction,trader_id,stock_id,order_level,matched_order_trader_id,match_price,match_volume,match_timestamp
0,2019-06-24 13:47:10.491371,1,273062,93.9,29,1,T_1,2,1,,,,
1,2019-06-24 13:47:10.523708,1,273063,93.5,34,1,T_1,2,2,,,,
2,2019-06-24 13:47:10.556127,1,273064,93.0,27,1,T_1,2,3,,,,
3,2019-06-24 13:47:10.585947,1,273065,92.75,26,1,T_1,2,4,,,,
4,2019-06-24 13:47:10.615386,1,273066,92.5,32,1,T_1,2,5,,,,
5,2019-06-24 13:47:10.644900,1,273067,94.1,28,-1,T_1,2,1,,,,
6,2019-06-24 13:47:10.674996,1,273068,94.5,36,-1,T_1,2,2,,,,
7,2019-06-24 13:47:10.705585,1,273069,95.0,30,-1,T_1,2,3,,,,
8,2019-06-24 13:47:10.734928,1,273070,95.25,32,-1,T_1,2,4,,,,
9,2019-06-24 13:47:10.764293,1,273071,95.5,25,-1,T_1,2,5,,,,
10,2019-06-24 13:47:10.794429,1,273072,92.99,6,-1,T_1,2,-1,,,,
11,2019-06-24 13:47:10.822950,4,273072,92.99,6,-1,T_1,2,-1,T_1,92.99,6,2019-06-24 13:47:11
12,2019-06-24 13:47:10.822950,4,273062,92.99,6,1,T_1,2,-1,T_1,92.99,6,2019-06-24 13:47:10
13,2019-06-24 13:47:10.884495,1,273073,92.99,5,-1,T_1,2,-1,,,,
14,2019-06-24 13:47:10.914898,4,273073,92.99,5,-1,T_1,2,-1,T_1,92.99,5,2019-06-24 13:47:11
15,2019-06-24 13:47:10.914898,4,273062,92.99,5,1,T_1,2,-1,T_1,92.99,5,2019-06-24 13:47:10
16,2019-06-24 13:47:10.976976,1,273074,92.99,5,-1,T_1,2,-1,,,,
17,2019-06-24 13:47:11.006348,4,273074,92.99,5,-1,T_1,2,-1,T_1,92.99,5,2019-06-24 13:47:11
18,2019-06-24 13:47:11.006348,4,273062,92.99,5,1,T_1,2,-1,T_1,92.99,5,2019-06-24 13:47:10
19,2019-06-24 13:47:11.067995,1,273075,92.99,4,-1,T_2,2,-1,,,,
20,2019-06-24 13:47:11.099082,4,273075,92.99,4,-1,T_2,2,-1,T_2,92.99,4,2019-06-24 13:47:11
21,2019-06-24 13:47:11.099082,4,273062,92.99,4,1,T_1,2,-1,T_1,92.99,4,2019-06-24 13:47:10
22,2019-06-24 13:47:11.158919,1,273076,92.99,4,-1,T_2,2,-1,,,,
23,2019-06-24 13:47:11.188827,4,273076,92.99,4,-1,T_2,2,-1,T_2,92.99,4,2019-06-24 13:47:11
24,2019-06-24 13:47:11.188827,4,273062,92.99,4,1,T_1,2,-1,T_1,92.99,4,2019-06-24 13:47:10
25,2019-06-24 13:47:11.249789,1,273077,92.99,3,-1,T_2,2,-1,,,,
26,2019-06-24 13:47:11.280460,4,273077,92.99,3,-1,T_2,2,-1,T_2,92.99,3,2019-06-24 13:47:11
27,2019-06-24 13:47:11.280460,4,273062,92.99,3,1,T_1,2,-1,T_1,92.99,3,2019-06-24 13:47:10
28,2019-06-24 13:47:11.339722,1,273078,92.99,3,-1,T_2,2,-1,,,,
29,2019-06-24 13:47:11.369363,4,273078,92.99,2,-1,T_2,2,-1,T_2,92.99,2,2019-06-24 13:47:11
30,2019-06-24 13:47:11.369363,4,273078,92.99,1,-1,T_2,2,-1,T_2,92.99,1,2019-06-24 13:47:11
31,2019-06-24 13:47:11.369363,4,273062,92.99,2,1,T_1,2,-1,T_1,92.99,2,2019-06-24 13:47:10
32,2019-06-24 13:47:11.369363,4,273063,92.99,1,1,T_1,2,-1,T_1,92.99,2,2019-06-24 13:47:10
33,2019-06-24 13:47:11.489376,1,273079,92.99,3,-1,T_2,2,-1,,,,
34,2019-06-24 13:47:11.518825,4,273079,92.99,3,-1,T_2,2,-1,T_2,92.99,3,2019-06-24 13:47:11
35,2019-06-24 13:47:11.518825,4,273063,92.99,3,1,T_1,2,-1,T_1,92.99,3,2019-06-24 13:47:11
36,2019-06-24 13:47:11.578654,1,273080,94.1,1,-1,T_3,2,1,,,,
37,2019-06-24 13:47:11.609150,1,273081,94.5,1,-1,T_3,2,2,,,,
38,2019-06-24 13:47:11.639243,1,273082,95.0,1,-1,T_3,2,3,,,,
39,2019-06-24 13:47:11.668920,1,273083,95.25,1,-1,T_3,2,4,,,,
40,2019-06-24 13:47:11.698892,1,273084,94.1,1,-1,T_3,2,1,,,,
41,2019-06-24 13:47:11.729568,1,273085,94.5,1,-1,T_3,2,2,,,,
42,2019-06-24 13:47:11.758758,1,273086,95.0,1,-1,T_3,2,3,,,,
43,2019-06-24 13:47:11.789515,1,273087,95.25,1,-1,T_3,2,4,,,,
44,2019-06-24 13:47:11.822303,1,273088,94.1,1,-1,T_3,2,1,,,,
45,2019-06-24 13:47:11.853363,1,273089,94.5,1,-1,T_3,2,2,,,,
46,2019-06-24 13:47:11.882534,1,273090,95.0,1,-1,T_3,2,3,,,,
47,2019-06-24 13:47:11.911707,1,273091,95.25,1,-1,T_3,2,4,,,,
48,2019-06-24 13:47:11.941241,1,273092,93.5,1,1,T_3,2,1,,,,
49,2019-06-24 13:47:11.971152,1,273093,93.0,1,1,T_3,2,2,,,,
50,2019-06-24 13:47:12.001268,1,273094,92.75,1,1,T_3,2,3,,,,
51,2019-06-24 13:47:12.032077,1,273095,92.5,1,1,T_3,2,4,,,,
52,2019-06-24 13:47:12.061850,1,273096,94.1,1,-1,T_3,2,1,,,,
53,2019-06-24 13:47:12.092952,1,273097,94.5,1,-1,T_3,2,2,,,,
54,2019-06-24 13:47:12.122954,1,273098,95.0,1,-1,T_3,2,3,,,,
55,2019-06-24 13:47:12.153942,1,273099,95.25,1,-1,T_3,2,4,,,,
56,2019-06-24 13:47:12.186534,1,273100,94.1,1,-1,T_4,2,1,,,,
57,2019-06-24 13:47:12.217618,1,273101,94.5,1,-1,T_4,2,2,,,,
58,2019-06-24 13:47:12.248048,1,273102,95.0,1,-1,T_4,2,3,,,,
59,2019-06-24 13:47:12.277384,1,273103,95.25,1,-1,T_4,2,4,,,,
60,2019-06-24 13:47:12.306932,1,273104,94.1,1,-1,T_4,2,1,,,,
61,2019-06-24 13:47:12.336366,1,273105,94.5,1,-1,T_4,2,2,,,,
62,2019-06-24 13:47:12.364999,1,273106,95.0,1,-1,T_4,2,3,,,,
63,2019-06-24 13:47:12.395173,1,273107,95.25,1,-1,T_4,2,4,,,,
64,2019-06-24 13:47:12.424751,1,273108,93.5,1,1,T_4,2,1,,,,
65,2019-06-24 13:47:12.454247,1,273109,93.0,1,1,T_4,2,2,,,,
66,2019-06-24 13:47:12.484190,1,273110,92.75,1,1,T_4,2,3,,,,
67,2019-06-24 13:47:12.515070,1,273111,92.5,1,1,T_4,2,4,,,,
68,2019-06-24 13:47:12.547418,1,273112,94.1,1,-1,T_4,2,1,,,,
69,2019-06-24 13:47:12.576993,1,273113,94.5,1,-1,T_4,2,2,,,,
70,2019-06-24 13:47:12.607659,1,273114,95.0,1,-1,T_4,2,3,,,,
71,2019-06-24 13:47:12.637478,1,273115,95.25,1,-1,T_4,2,4,,,,
72,2019-06-24 13:47:12.669550,1,273116,94.1,1,-1,T_4,2,1,,,,
73,2019-06-24 13:47:12.698827,1,273117,94.5,1,-1,T_4,2,2,,,,
74,2019-06-24 13:47:12.728518,1,273118,95.0,1,-1,T_4,2,3,,,,
75,2019-06-24 13:47:12.759412,1,273119,95.25,1,-1,T_4,2,4,,,,
76,2019-06-24 13:47:12.790201,1,273120,92.99,3,-1,T_5,2,-1,,,,
77,2019-06-24 13:47:12.819899,4,273120,92.99,3,-1,T_5,2,-1,T_5,92.99,3,2019-06-24 13:47:13
78,2019-06-24 13:47:12.819899,4,273063,92.99,3,1,T_1,2,-1,T_1,92.99,3,2019-06-24 13:47:11
79,2019-06-24 13:47:12.880899,1,273121,92.99,2,-1,T_5,2,-1,,,,
80,2019-06-24 13:47:12.909584,4,273121,92.99,2,-1,T_5,2,-1,T_5,92.99,2,2019-06-24 13:47:13
81,2019-06-24 13:47:12.909584,4,273063,92.99,2,1,T_1,2,-1,T_1,92.99,2,2019-06-24 13:47:11
82,2019-06-24 13:47:12.969003,1,273122,92.99,2,-1,T_5,2,-1,,,,
83,2019-06-24 13:47:12.998460,4,273122,92.99,2,-1,T_5,2,-1,T_5,92.99,2,2019-06-24 13:47:13
84,2019-06-24 13:47:12.998460,4,273063,92.99,2,1,T_1,2,-1,T_1,92.99,2,2019-06-24 13:47:11
85,2019-06-24 13:47:13.060135,1,273123,92.99,2,-1,T_5,2,-1,,,,
86,2019-06-24 13:47:13.089930,4,273123,92.99,2,-1,T_5,2,-1,T_5,92.99,2,2019-06-24 13:47:13
87,2019-06-24 13:47:13.089930,4,273063,92.99,2,1,T_1,2,-1,T_1,92.99,2,2019-06-24 13:47:11
88,2019-06-24 13:47:13.151926,1,273124,92.99,2,-1,T_5,2,-1,,,,
89,2019-06-24 13:47:13.180954,4,273124,92.99,2,-1,T_5,2,-1,T_5,92.99,2,2019-06-24 13:47:13
90,2019-06-24 13:47:13.180954,4,273063,92.99,2,1,T_1,2,-1,T_1,92.99,2,2019-06-24 13:47:11
91,2019-06-24 13:47:13.245415,1,273125,92.99,2,-1,T_1,2,-1,,,,
92,2019-06-24 13:47:13.275742,4,273125,92.99,2,-1,T_1,2,-1,T_1,92.99,2,2019-06-24 13:47:13
93,2019-06-24 13:47:13.275742,4,273063,92.99,2,1,T_1,2,-1,T_1,92.99,2,2019-06-24 13:47:11
94,2019-06-24 13:47:13.336482,1,273126,92.99,1,-1,T_1,2,-1,,,,
95,2019-06-24 13:47:13.366508,4,273126,92.99,1,-1,T_1,2,-1,T_1,92.99,1,2019-06-24 13:47:13
96,2019-06-24 13:47:13.366508,4,273063,92.99,1,1,T_1,2,-1,T_1,92.99,1,2019-06-24 13:47:11
97,2019-06-24 13:47:13.426380,1,273127,92.99,1,-1,T_1,2,-1,,,,
98,2019-06-24 13:47:13.455747,4,273127,92.99,1,-1,T_1,2,-1,T_1,92.99,1,2019-06-24 13:47:13
99,2019-06-24 13:47:13.455747,4,273063,92.99,1,1,T_1,2,-1,T_1,92.99,1,2019-06-24 13:47:11
100,2019-06-24 13:47:13.515827,1,273128,92.99,1,-1,T_1,2,-1,,,,
101,2019-06-24 13:47:13.544256,4,273128,92.99,1,-1,T_1,2,-1,T_1,92.99,1,2019-06-24 13:47:14
102,2019-06-24 13:47:13.544256,4,273063,92.99,1,1,T_1,2,-1,T_1,92.99,1,2019-06-24 13:47:11
103,2019-06-24 13:47:13.606562,1,273129,92.99,1,-1,T_2,2,-1,,,,
104,2019-06-24 13:47:13.637151,4,273129,92.99,1,-1,T_2,2,-1,T_2,92.99,1,2019-06-24 13:47:14
105,2019-06-24 13:47:13.637151,4,273063,92.99,1,1,T_1,2,-1,T_1,92.99,1,2019-06-24 13:47:11
106,2019-06-24 13:47:13.701124,1,273130,92.99,1,-1,T_2,2,-1,,,,
107,2019-06-24 13:47:13.731183,4,273130,92.99,1,-1,T_2,2,-1,T_2,92.99,1,2019-06-24 13:47:14
108,2019-06-24 13:47:13.731183,4,273063,92.99,1,1,T_1,2,-1,T_1,92.99,1,2019-06-24 13:47:11
109,2019-06-24 13:47:13.792612,1,273131,92.99,1,-1,T_2,2,-1,,,,
110,2019-06-24 13:47:13.823369,4,273131,92.99,1,-1,T_2,2,-1,T_2,92.99,1,2019-06-24 13:47:14
111,2019-06-24 13:47:13.823369,4,273063,92.99,1,1,T_1,2,-1,T_1,92.99,1,2019-06-24 13:47:11
112,2019-06-24 13:47:13.884657,1,273132,92.99,1,-1,T_2,2,-1,,,,
113,2019-06-24 13:47:13.914876,4,273132,92.99,1,-1,T_2,2,-1,T_2,92.99,1,2019-06-24 13:47:14
114,2019-06-24 13:47:13.914876,4,273063,92.99,1,1,T_1,2,-1,T_1,92.99,1,2019-06-24 13:47:11
115,2019-06-24 13:47:13.977828,1,273133,93.5,1,1,T_3,2,1,,,,
116,2019-06-24 13:47:14.008760,1,273134,93.0,1,1,T_3,2,2,,,,
117,2019-06-24 13:47:14.042012,1,273135,92.75,1,1,T_3,2,3,,,,
118,2019-06-24 13:47:14.074392,1,273136,92.5,1,1,T_3,2,4,,,,
119,2019-06-24 13:47:14.106466,1,273137,94.1,1,-1,T_3,2,1,,,,
120,2019-06-24 13:47:14.136779,1,273138,94.5,1,-1,T_3,2,2,,,,
121,2019-06-24 13:47:14.167063,1,273139,95.0,1,-1,T_3,2,3,,,,
122,2019-06-24 13:47:14.198825,1,273140,95.25,1,-1,T_3,2,4,,,,
123,2019-06-24 13:47:14.229595,1,273141,94.1,1,-1,T_3,2,1,,,,
124,2019-06-24 13:47:14.260686,1,273142,94.5,1,-1,T_3,2,2,,,,
125,2019-06-24 13:47:14.291416,1,273143,95.0,1,-1,T_3,2,3,,,,
126,2019-06-24 13:47:14.322550,1,273144,95.25,1,-1,T_3,2,4,,,,
127,2019-06-24 13:47:14.353507,1,273145,93.5,1,1,T_3,2,1,,,,
128,2019-06-24 13:47:14.382823,1,273146,93.0,1,1,T_3,2,2,,,,
129,2019-06-24 13:47:14.413086,1,273147,92.75,1,1,T_3,2,3,,,,
130,2019-06-24 13:47:14.443453,1,273148,92.5,1,1,T_3,2,4,,,,
131,2019-06-24 13:47:14.475375,1,273149,94.1,1,-1,T_4,2,1,,,,
132,2019-06-24 13:47:14.506101,1,273150,94.5,1,-1,T_4,2,2,,,,
133,2019-06-24 13:47:14.536972,1,273151,95.0,1,-1,T_4,2,3,,,,
134,2019-06-24 13:47:14.567496,1,273152,95.25,1,-1,T_4,2,4,,,,
135,2019-06-24 13:47:14.599679,1,273153,93.5,1,1,T_4,2,1,,,,
136,2019-06-24 13:47:14.630656,1,273154,93.0,1,1,T_4,2,2,,,,
137,2019-06-24 13:47:14.660943,1,273155,92.75,1,1,T_4,2,3,,,,
138,2019-06-24 13:47:14.693061,1,273156,92.5,1,1,T_4,2,4,,,,
139,2019-06-24 13:47:14.724397,1,273157,94.1,1,-1,T_4,2,1,,,,
140,2019-06-24 13:47:14.754578,1,273158,94.5,1,-1,T_4,2,2,,,,
141,2019-06-24 13:47:14.785099,1,273159,95.0,1,-1,T_4,2,3,,,,
142,2019-06-24 13:47:14.815869,1,273160,95.25,1,-1,T_4,2,4,,,,
143,2019-06-24 13:47:14.847141,1,273161,92.99,1,-1,T_5,2,-1,,,,
144,2019-06-24 13:47:14.875877,4,273161,92.99,1,-1,T_5,2,-1,T_5,92.99,1,2019-06-24 13:47:15
145,2019-06-24 13:47:14.875877,4,273063,92.99,1,1,T_1,2,-1,T_1,92.99,1,2019-06-24 13:47:11
146,2019-06-24 13:47:14.937166,1,273162,92.99,1,-1,T_5,2,-1,,,,
147,2019-06-24 13:47:14.967078,4,273162,92.99,1,-1,T_5,2,-1,T_5,92.99,1,2019-06-24 13:47:15
148,2019-06-24 13:47:14.967078,4,273063,92.99,1,1,T_1,2,-1,T_1,92.99,1,2019-06-24 13:47:11
149,2019-06-24 13:47:15.029760,1,273163,92.99,1,-1,T_5,2,-1,,,,
150,2019-06-24 13:47:15.059621,4,273163,92.99,1,-1,T_5,2,-1,T_5,92.99,1,2019-06-24 13:47:15
151,2019-06-24 13:47:15.059621,4,273063,92.99,1,1,T_1,2,-1,T_1,92.99,1,2019-06-24 13:47:11
152,2019-06-24 13:47:15.123213,1,273164,92.99,1,-1,T_5,2,-1,,,,
153,2019-06-24 13:47:15.153116,4,273164,92.99,1,-1,T_5,2,-1,T_5,92.99,1,2019-06-24 13:47:15
154,2019-06-24 13:47:15.153116,4,273063,92.99,1,1,T_1,2,-1,T_1,92.99,1,2019-06-24 13:47:11
155,2019-06-24 13:47:15.214573,1,273165,92.99,1,-1,T_5,2,-1,,,,
156,2019-06-24 13:47:15.246028,4,273165,92.99,1,-1,T_5,2,-1,T_5,92.99,1,2019-06-24 13:47:15
157,2019-06-24 13:47:15.246028,4,273063,92.99,1,1,T_1,2,-1,T_1,92.99,1,2019-06-24 13:47:11
158,2019-06-24 13:47:15.316140,1,273166,92.99,1,-1,T_1,2,-1,,,,
159,2019-06-24 13:47:15.347418,4,273166,92.99,1,-1,T_1,2,-1,T_1,92.99,1,2019-06-24 13:47:15
160,2019-06-24 13:47:15.347418,4,273063,92.99,1,1,T_1,2,-1,T_1,92.99,1,2019-06-24 13:47:11
161,2019-06-24 13:47:15.413858,1,273167,92.99,0,-1,T_1,2,-1,,,,
162,2019-06-24 13:47:15.447356,1,273168,92.99,0,-1,T_1,2,-1,,,,
163,2019-06-24 13:47:15.480199,1,273169,92.99,0,-1,T_1,2,-1,,,,
164,2019-06-24 13:47:15.513059,1,273170,92.99,0,-1,T_1,2,-1,,,,
165,2019-06-24 13:47:15.546097,1,273171,92.99,0,-1,T_2,2,-1,,,,
166,2019-06-24 13:47:15.582633,1,273172,92.99,0,-1,T_2,2,-1,,,,
167,2019-06-24 13:47:15.615784,1,273173,92.99,0,-1,T_2,2,-1,,,,
168,2019-06-24 13:47:15.647609,1,273174,92.99,0,-1,T_2,2,-1,,,,
169,2019-06-24 13:47:15.680653,1,273175,92.99,0,-1,T_2,2,-1,,,,
170,2019-06-24 13:47:15.715201,1,273176,93.5,1,1,T_3,2,1,,,,
171,2019-06-24 13:47:15.745954,1,273177,93.0,1,1,T_3,2,2,,,,
172,2019-06-24 13:47:15.776349,1,273178,92.75,1,1,T_3,2,3,,,,
173,2019-06-24 13:47:15.806272,1,273179,92.5,1,1,T_3,2,4,,,,
174,2019-06-24 13:47:15.838278,1,273180,94.1,1,-1,T_3,2,1,,,,
175,2019-06-24 13:47:15.868496,1,273181,94.5,1,-1,T_3,2,2,,,,
176,2019-06-24 13:47:15.899038,1,273182,95.0,1,-1,T_3,2,3,,,,
177,2019-06-24 13:47:15.929221,1,273183,95.25,1,-1,T_3,2,4,,,,
178,2019-06-24 13:47:15.960518,1,273184,93.5,1,1,T_3,2,1,,,,
179,2019-06-24 13:47:15.991644,1,273185,93.0,1,1,T_3,2,2,,,,
180,2019-06-24 13:47:16.023203,1,273186,92.75,1,1,T_3,2,3,,,,
181,2019-06-24 13:47:16.053540,1,273187,92.5,1,1,T_3,2,4,,,,
182,2019-06-24 13:47:16.084679,1,273188,93.5,1,1,T_3,2,1,,,,
183,2019-06-24 13:47:16.115353,1,273189,93.0,1,1,T_3,2,2,,,,
184,2019-06-24 13:47:16.145055,1,273190,92.75,1,1,T_3,2,3,,,,
185,2019-06-24 13:47:16.175955,1,273191,92.5,1,1,T_3,2,4,,,,
186,2019-06-24 13:47:16.209219,1,273192,93.5,1,1,T_4,2,1,,,,
187,2019-06-24 13:47:16.239500,1,273193,93.0,1,1,T_4,2,2,,,,
188,2019-06-24 13:47:16.269805,1,273194,92.75,1,1,T_4,2,3,,,,
189,2019-06-24 13:47:16.300376,1,273195,92.5,1,1,T_4,2,4,,,,
190,2019-06-24 13:47:16.332604,1,273196,93.5,1,1,T_4,2,1,,,,
191,2019-06-24 13:47:16.363332,1,273197,93.0,1,1,T_4,2,2,,,,
192,2019-06-24 13:47:16.394018,1,273198,92.75,1,1,T_4,2,3,,,,
193,2019-06-24 13:47:16.425892,1,273199,92.5,1,1,T_4,2,4,,,,
194,2019-06-24 13:47:16.457152,1,273200,94.1,1,-1,T_4,2,1,,,,
195,2019-06-24 13:47:16.488354,1,273201,94.5,1,-1,T_4,2,2,,,,
196,2019-06-24 13:47:16.519186,1,273202,95.0,1,-1,T_4,2,3,,,,
197,2019-06-24 13:47:16.548872,1,273203,95.25,1,-1,T_4,2,4,,,,
198,2019-06-24 13:47:16.582919,1,273204,94.1,1,-1,T_4,2,1,,,,
199,2019-06-24 13:47:16.614115,1,273205,94.5,1,-1,T_4,2,2,,,,
200,2019-06-24 13:47:16.644705,1,273206,95.0,1,-1,T_4,2,3,,,,
201,2019-06-24 13:47:16.675280,1,273207,95.25,1,-1,T_4,2,4,,,,
202,2019-06-24 13:47:16.707380,1,273208,94.1,1,-1,T_4,2,1,,,,
203,2019-06-24 13:47:16.739151,1,273209,94.5,1,-1,T_4,2,2,,,,
204,2019-06-24 13:47:16.770086,1,273210,95.0,1,-1,T_4,2,3,,,,
205,2019-06-24 13:47:16.801167,1,273211,95.25,1,-1,T_4,2,4,,,,
206,2019-06-24 13:47:16.832811,1,273212,92.99,1,-1,T_5,2,-1,,,,
207,2019-06-24 13:47:16.863986,4,273212,92.99,1,-1,T_5,2,-1,T_5,92.99,1,2019-06-24 13:47:17
208,2019-06-24 13:47:16.863986,4,273063,92.99,1,1,T_1,2,-1,T_1,92.99,1,2019-06-24 13:47:11
209,2019-06-24 13:47:16.927969,1,273213,92.99,1,-1,T_5,2,-1,,,,
210,2019-06-24 13:47:16.957899,4,273213,92.99,1,-1,T_5,2,-1,T_5,92.99,1,2019-06-24 13:47:17
211,2019-06-24 13:47:16.957899,4,273063,92.99,1,1,T_1,2,-1,T_1,92.99,1,2019-06-24 13:47:11
212,2019-06-24 13:47:17.023558,1,273214,92.99,1,-1,T_5,2,-1,,,,
213,2019-06-24 13:47:17.053946,4,273214,92.99,1,-1,T_5,2,-1,T_5,92.99,1,2019-06-24 13:47:17
214,2019-06-24 13:47:17.053946,4,273063,92.99,1,1,T_1,2,-1,T_1,92.99,1,2019-06-24 13:47:11
215,2019-06-24 13:47:17.119075,1,273215,92.99,1,-1,T_5,2,-1,,,,
216,2019-06-24 13:47:17.149283,4,273215,92.99,1,-1,T_5,2,-1,T_5,92.99,1,2019-06-24 13:47:17
217,2019-06-24 13:47:17.149283,4,273063,92.99,1,1,T_1,2,-1,T_1,92.99,1,2019-06-24 13:47:11
218,2019-06-24 13:47:17.213798,1,273216,92.99,1,-1,T_5,2,-1,,,,
219,2019-06-24 13:47:17.242523,4,273216,92.99,1,-1,T_5,2,-1,T_5,92.99,1,2019-06-24 13:47:17
220,2019-06-24 13:47:17.242523,4,273092,92.99,1,1,T_3,2,-1,T_3,92.99,1,2019-06-24 13:47:12
221,2019-06-24 13:47:17.310186,1,273217,93.6,90,1,T_8,2,1,,,,
222,2019-06-24 13:47:17.367630,1,273218,93.6,32,1,T_4,2,1,,,,
223,2019-06-24 13:47:17.398910,1,273219,94.1,36,-1,T_4,2,1,,,,
224,2019-06-24 13:47:17.436550,1,273220,94.1,25,1,T_8,2,-1,,,,
225,2019-06-24 13:47:17.485999,4,273067,94.1,25,-1,T_1,2,1,T_1,94.1,25,2019-06-24 13:47:11
226,2019-06-24 13:47:17.485999,4,273220,94.1,25,1,T_8,2,-1,T_8,94.1,25,2019-06-24 13:47:17
227,2019-06-24 13:47:17.548123,1,273221,94.1,26,1,T_1,2,-1,,,,
228,2019-06-24 13:47:17.577134,4,273067,94.1,3,-1,T_1,2,1,T_1,94.1,3,2019-06-24 13:47:11
229,2019-06-24 13:47:17.577134,4,273080,94.1,1,-1,T_3,2,1,T_1,94.1,3,2019-06-24 13:47:11
230,2019-06-24 13:47:17.577134,4,273084,94.1,1,-1,T_3,2,1,T_1,94.1,3,2019-06-24 13:47:11
231,2019-06-24 13:47:17.577134,4,273088,94.1,1,-1,T_3,2,1,T_1,94.1,3,2019-06-24 13:47:11
232,2019-06-24 13:47:17.577134,4,273096,94.1,1,-1,T_3,2,1,T_1,94.1,3,2019-06-24 13:47:11
233,2019-06-24 13:47:17.577134,4,273100,94.1,1,-1,T_4,2,1,T_1,94.1,3,2019-06-24 13:47:11
234,2019-06-24 13:47:17.577134,4,273104,94.1,1,-1,T_4,2,1,T_1,94.1,3,2019-06-24 13:47:11
235,2019-06-24 13:47:17.577134,4,273112,94.1,1,-1,T_4,2,1,T_1,94.1,3,2019-06-24 13:47:11
236,2019-06-24 13:47:17.577134,4,273116,94.1,1,-1,T_4,2,1,T_1,94.1,3,2019-06-24 13:47:11
237,2019-06-24 13:47:17.577134,4,273137,94.1,1,-1,T_3,2,1,T_1,94.1,3,2019-06-24 13:47:11
238,2019-06-24 13:47:17.577134,4,273141,94.1,1,-1,T_3,2,1,T_1,94.1,3,2019-06-24 13:47:11
239,2019-06-24 13:47:17.577134,4,273149,94.1,1,-1,T_4,2,1,T_1,94.1,3,2019-06-24 13:47:11
240,2019-06-24 13:47:17.577134,4,273157,94.1,1,-1,T_4,2,1,T_1,94.1,3,2019-06-24 13:47:11
241,2019-06-24 13:47:17.577134,4,273180,94.1,1,-1,T_3,2,1,T_1,94.1,3,2019-06-24 13:47:11
242,2019-06-24 13:47:17.577134,4,273200,94.1,1,-1,T_4,2,1,T_1,94.1,3,2019-06-24 13:47:11
243,2019-06-24 13:47:17.577134,4,273204,94.1,1,-1,T_4,2,1,T_1,94.1,3,2019-06-24 13:47:11
244,2019-06-24 13:47:17.577134,4,273208,94.1,1,-1,T_4,2,1,T_1,94.1,3,2019-06-24 13:47:11
245,2019-06-24 13:47:17.577134,4,273219,94.1,7,-1,T_4,2,1,T_1,94.1,3,2019-06-24 13:47:11
246,2019-06-24 13:47:17.577134,4,273221,94.1,3,1,T_1,2,-1,T_1,94.1,3,2019-06-24 13:47:18
247,2019-06-24 13:47:17.577134,4,273221,94.1,1,1,T_1,2,-1,T_1,94.1,1,2019-06-24 13:47:18
248,2019-06-24 13:47:17.577134,4,273221,94.1,1,1,T_1,2,-1,T_1,94.1,1,2019-06-24 13:47:18
249,2019-06-24 13:47:17.577134,4,273221,94.1,1,1,T_1,2,-1,T_1,94.1,1,2019-06-24 13:47:18
250,2019-06-24 13:47:17.577134,4,273221,94.1,1,1,T_1,2,-1,T_1,94.1,1,2019-06-24 13:47:18
251,2019-06-24 13:47:17.577134,4,273221,94.1,1,1,T_1,2,-1,T_1,94.1,1,2019-06-24 13:47:18
252,2019-06-24 13:47:17.577134,4,273221,94.1,1,1,T_1,2,-1,T_1,94.1,1,2019-06-24 13:47:18
253,2019-06-24 13:47:17.577134,4,273221,94.1,1,1,T_1,2,-1,T_1,94.1,1,2019-06-24 13:47:18
254,2019-06-24 13:47:17.577134,4,273221,94.1,1,1,T_1,2,-1,T_1,94.1,1,2019-06-24 13:47:18
255,2019-06-24 13:47:17.577134,4,273221,94.1,1,1,T_1,2,-1,T_1,94.1,1,2019-06-24 13:47:18
256,2019-06-24 13:47:17.577134,4,273221,94.1,1,1,T_1,2,-1,T_1,94.1,1,2019-06-24 13:47:18
257,2019-06-24 13:47:17.577134,4,273221,94.1,1,1,T_1,2,-1,T_1,94.1,1,2019-06-24 13:47:18
258,2019-06-24 13:47:17.577134,4,273221,94.1,1,1,T_1,2,-1,T_1,94.1,1,2019-06-24 13:47:18
259,2019-06-24 13:47:17.577134,4,273221,94.1,1,1,T_1,2,-1,T_1,94.1,1,2019-06-24 13:47:18
260,2019-06-24 13:47:17.577134,4,273221,94.1,1,1,T_1,2,-1,T_1,94.1,1,2019-06-24 13:47:18
261,2019-06-24 13:47:17.577134,4,273221,94.1,1,1,T_1,2,-1,T_1,94.1,1,2019-06-24 13:47:18
262,2019-06-24 13:47:17.577134,4,273221,94.1,1,1,T_1,2,-1,T_1,94.1,1,2019-06-24 13:47:18
263,2019-06-24 13:47:17.577134,4,273221,94.1,7,1,T_1,2,-1,T_1,94.1,7,2019-06-24 13:47:18
264,2019-06-24 13:47:18.666853,1,273222,94.19999999999999,26,1,T_5,2,-1,,,,
265,2019-06-24 13:47:18.697244,4,273219,94.1,26,-1,T_4,2,-1,T_4,94.1,26,2019-06-24 13:47:17
266,2019-06-24 13:47:18.697244,4,273222,94.1,26,1,T_5,2,-1,T_5,94.1,26,2019-06-24 13:47:19
267,2019-06-24 13:47:18.768038,1,273223,93.6,90,-1,T_7,2,-1,,,,
268,2019-06-24 13:47:18.814429,4,273223,93.6,90,-1,T_7,2,-1,T_7,93.6,90,2019-06-24 13:47:19
269,2019-06-24 13:47:18.814429,4,273217,93.6,90,1,T_8,2,1,T_8,93.6,90,2019-06-24 13:47:17
270,2019-06-24 13:47:18.883755,1,273224,92.99,4,-1,T_1,2,-1,,,,
271,2019-06-24 13:47:18.914040,4,273224,92.99,4,-1,T_1,2,-1,T_1,92.99,4,2019-06-24 13:47:19
272,2019-06-24 13:47:18.914040,4,273218,92.99,4,1,T_4,2,-1,T_4,92.99,4,2019-06-24 13:47:17
273,2019-06-24 13:47:18.977517,1,273225,92.99,3,-1,T_1,2,-1,,,,
274,2019-06-24 13:47:19.007175,4,273225,92.99,3,-1,T_1,2,-1,T_1,92.99,3,2019-06-24 13:47:19
275,2019-06-24 13:47:19.007175,4,273218,92.99,3,1,T_4,2,-1,T_4,92.99,3,2019-06-24 13:47:17
276,2019-06-24 13:47:19.070191,1,273226,92.99,3,-1,T_1,2,-1,,,,
277,2019-06-24 13:47:19.099841,4,273226,92.99,3,-1,T_1,2,-1,T_1,92.99,3,2019-06-24 13:47:19
278,2019-06-24 13:47:19.099841,4,273218,92.99,3,1,T_4,2,-1,T_4,92.99,3,2019-06-24 13:47:17
279,2019-06-24 13:47:19.161898,1,273227,92.99,3,-1,T_1,2,-1,,,,
280,2019-06-24 13:47:19.191541,4,273227,92.99,3,-1,T_1,2,-1,T_1,92.99,3,2019-06-24 13:47:19
281,2019-06-24 13:47:19.191541,4,273218,92.99,3,1,T_4,2,-1,T_4,92.99,3,2019-06-24 13:47:17
282,2019-06-24 13:47:19.256320,1,273228,92.99,2,-1,T_1,2,-1,,,,
283,2019-06-24 13:47:19.284958,4,273228,92.99,2,-1,T_1,2,-1,T_1,92.99,2,2019-06-24 13:47:19
284,2019-06-24 13:47:19.284958,4,273218,92.99,2,1,T_4,2,-1,T_4,92.99,2,2019-06-24 13:47:17
285,2019-06-24 13:47:19.347863,1,273229,92.99,2,-1,T_2,2,-1,,,,
286,2019-06-24 13:47:19.376175,4,273229,92.99,2,-1,T_2,2,-1,T_2,92.99,2,2019-06-24 13:47:19
287,2019-06-24 13:47:19.376175,4,273218,92.99,2,1,T_4,2,-1,T_4,92.99,2,2019-06-24 13:47:17
288,2019-06-24 13:47:19.438554,1,273230,92.99,2,-1,T_2,2,-1,,,,
289,2019-06-24 13:47:19.468348,4,273230,92.99,2,-1,T_2,2,-1,T_2,92.99,2,2019-06-24 13:47:19
290,2019-06-24 13:47:19.468348,4,273218,92.99,2,1,T_4,2,-1,T_4,92.99,2,2019-06-24 13:47:17
291,2019-06-24 13:47:19.531638,1,273231,92.99,2,-1,T_2,2,-1,,,,
292,2019-06-24 13:47:19.561373,4,273231,92.99,2,-1,T_2,2,-1,T_2,92.99,2,2019-06-24 13:47:20
293,2019-06-24 13:47:19.561373,4,273218,92.99,2,1,T_4,2,-1,T_4,92.99,2,2019-06-24 13:47:17
294,2019-06-24 13:47:19.626599,1,273232,92.99,2,-1,T_2,2,-1,,,,
295,2019-06-24 13:47:19.654592,4,273232,92.99,2,-1,T_2,2,-1,T_2,92.99,2,2019-06-24 13:47:20
296,2019-06-24 13:47:19.654592,4,273218,92.99,2,1,T_4,2,-1,T_4,92.99,2,2019-06-24 13:47:17
297,2019-06-24 13:47:19.719888,1,273233,93.6,1,1,T_3,2,1,,,,
298,2019-06-24 13:47:19.750028,1,273234,93.5,1,1,T_3,2,2,,,,
299,2019-06-24 13:47:19.780878,1,273235,93.0,1,1,T_3,2,3,,,,
300,2019-06-24 13:47:19.810239,1,273236,92.75,1,1,T_3,2,4,,,,
301,2019-06-24 13:47:19.841404,1,273237,93.6,1,1,T_3,2,1,,,,
302,2019-06-24 13:47:19.870738,1,273238,93.5,1,1,T_3,2,2,,,,
303,2019-06-24 13:47:19.900140,1,273239,93.0,1,1,T_3,2,3,,,,
304,2019-06-24 13:47:19.930158,1,273240,92.75,1,1,T_3,2,4,,,,
305,2019-06-24 13:47:19.964352,1,273241,94.1,1,-1,T_3,2,1,,,,
306,2019-06-24 13:47:19.993115,1,273242,94.5,1,-1,T_3,2,2,,,,
307,2019-06-24 13:47:20.025734,1,273243,95.0,1,-1,T_3,2,3,,,,
308,2019-06-24 13:47:20.055303,1,273244,95.25,1,-1,T_3,2,4,,,,
309,2019-06-24 13:47:20.086011,1,273245,93.6,1,1,T_3,2,1,,,,
310,2019-06-24 13:47:20.120152,1,273246,93.5,1,1,T_3,2,2,,,,
311,2019-06-24 13:47:20.150084,1,273247,93.0,1,1,T_3,2,3,,,,
312,2019-06-24 13:47:20.181390,1,273248,92.75,1,1,T_3,2,4,,,,
313,2019-06-24 13:47:20.213765,1,273249,94.1,1,-1,T_4,2,1,,,,
314,2019-06-24 13:47:20.243070,1,273250,94.5,1,-1,T_4,2,2,,,,
315,2019-06-24 13:47:20.273769,1,273251,95.0,1,-1,T_4,2,3,,,,
316,2019-06-24 13:47:20.305057,1,273252,95.25,1,-1,T_4,2,4,,,,
317,2019-06-24 13:47:20.337384,1,273253,93.6,1,1,T_4,2,1,,,,
318,2019-06-24 13:47:20.367934,1,273254,93.5,1,1,T_4,2,2,,,,
319,2019-06-24 13:47:20.398598,1,273255,93.0,1,1,T_4,2,3,,,,
320,2019-06-24 13:47:20.429085,1,273256,92.75,1,1,T_4,2,4,,,,
321,2019-06-24 13:47:20.461869,1,273257,94.1,1,-1,T_4,2,1,,,,
322,2019-06-24 13:47:20.493043,1,273258,94.5,1,-1,T_4,2,2,,,,
323,2019-06-24 13:47:20.523980,1,273259,95.0,1,-1,T_4,2,3,,,,
324,2019-06-24 13:47:20.555451,1,273260,95.25,1,-1,T_4,2,4,,,,
325,2019-06-24 13:47:20.587799,1,273261,93.6,1,1,T_4,2,1,,,,
326,2019-06-24 13:47:20.620083,1,273262,93.5,1,1,T_4,2,2,,,,
327,2019-06-24 13:47:20.648873,1,273263,93.0,1,1,T_4,2,3,,,,
328,2019-06-24 13:47:20.679070,1,273264,92.75,1,1,T_4,2,4,,,,
329,2019-06-24 13:47:20.711048,1,273265,93.6,1,1,T_4,2,1,,,,
330,2019-06-24 13:47:20.740906,1,273266,93.5,1,1,T_4,2,2,,,,
331,2019-06-24 13:47:20.772390,1,273267,93.0,1,1,T_4,2,3,,,,
332,2019-06-24 13:47:20.802075,1,273268,92.75,1,1,T_4,2,4,,,,
333,2019-06-24 13:47:20.836314,1,273269,92.99,3,-1,T_5,2,-1,,,,
334,2019-06-24 13:47:20.865797,4,273269,92.99,3,-1,T_5,2,-1,T_5,92.99,3,2019-06-24 13:47:21
335,2019-06-24 13:47:20.865797,4,273218,92.99,3,1,T_4,2,-1,T_4,92.99,3,2019-06-24 13:47:17
336,2019-06-24 13:47:20.928230,1,273270,92.99,2,-1,T_5,2,-1,,,,
337,2019-06-24 13:47:20.959243,4,273270,92.99,2,-1,T_5,2,-1,T_5,92.99,2,2019-06-24 13:47:21
338,2019-06-24 13:47:20.959243,4,273218,92.99,2,1,T_4,2,-1,T_4,92.99,2,2019-06-24 13:47:17
339,2019-06-24 13:47:21.023556,1,273271,92.99,2,-1,T_5,2,-1,,,,
340,2019-06-24 13:47:21.052339,4,273271,92.99,2,-1,T_5,2,-1,T_5,92.99,2,2019-06-24 13:47:21
341,2019-06-24 13:47:21.052339,4,273218,92.99,2,1,T_4,2,-1,T_4,92.99,2,2019-06-24 13:47:17
342,2019-06-24 13:47:21.117712,1,273272,92.99,2,-1,T_5,2,-1,,,,
343,2019-06-24 13:47:21.147617,4,273272,92.99,2,-1,T_5,2,-1,T_5,92.99,2,2019-06-24 13:47:21
344,2019-06-24 13:47:21.147617,4,273218,92.99,2,1,T_4,2,-1,T_4,92.99,2,2019-06-24 13:47:17
345,2019-06-24 13:47:21.215557,1,273273,93.69,1,-1,T_7,2,1,,,,
346,2019-06-24 13:47:21.271555,1,273274,93.69,35,-1,T_1,2,1,,,,
347,2019-06-24 13:47:21.308954,1,273275,93.69,32,-1,T_3,2,1,,,,
348,2019-06-24 13:47:21.339811,1,273276,93.67999999999999,36,-1,T_3,2,1,,,,
349,2019-06-24 13:47:21.371089,1,273277,93.67,0,-1,T_8,2,-1,,,,
350,2019-06-24 13:47:21.417940,1,273278,93.66,0,-1,T_8,2,-1,,,,
351,2019-06-24 13:47:21.468507,1,273279,93.64999999999999,0,-1,T_8,2,-1,,,,
352,2019-06-24 13:47:21.525486,1,273280,93.67999999999999,1,-1,T_8,2,1,,,,
353,2019-06-24 13:47:21.581587,1,273281,93.67999999999999,36,-1,T_1,2,1,,,,
354,2019-06-24 13:47:21.636166,2,273280,94.0,1,-1,T_8,2,-1,,,,
355,2019-06-24 13:47:21.652607,1,273282,93.67999999999999,1,-1,T_7,2,1,,,,
356,2019-06-24 13:47:21.711416,1,273283,93.67999999999999,27,-1,T_2,2,1,,,,
357,2019-06-24 13:47:21.767711,2,273282,94.0,1,-1,T_7,2,-1,,,,
358,2019-06-24 13:47:21.823800,2,273273,94.0,1,-1,T_7,2,-1,,,,
359,2019-06-24 13:47:21.872121,2,273277,94.0,0,-1,T_8,2,-1,,,,
360,2019-06-24 13:47:21.918954,2,273278,94.0,0,-1,T_8,2,-1,,,,
361,2019-06-24 13:47:21.965443,2,273279,94.0,0,-1,T_8,2,-1,,,,
362,2019-06-24 13:47:22.015854,2,273280,94.0,1,-1,T_8,2,-1,,,,
363,2019-06-24 13:47:22.063834,2,273282,94.0,1,-1,T_7,2,-1,,,,
364,2019-06-24 13:47:22.073038,1,273284,93.67999999999999,25,-1,T_1,2,1,,,,
365,2019-06-24 13:47:22.103499,1,273285,93.67999999999999,34,-1,T_2,2,1,,,,
366,2019-06-24 13:47:22.137309,1,273286,93.69999999999999,28,1,T_7,2,-1,,,,
367,2019-06-24 13:47:22.183206,4,273276,93.68,28,-1,T_3,2,-1,T_3,93.68,28,2019-06-24 13:47:21
368,2019-06-24 13:47:22.183206,4,273286,93.68,28,1,T_7,2,-1,T_7,93.68,28,2019-06-24 13:47:22
369,2019-06-24 13:47:22.251467,1,273287,93.69,1,-1,T_7,2,2,,,,
370,2019-06-24 13:47:22.308035,1,273288,93.67999999999999,24,-1,T_1,2,1,,,,
371,2019-06-24 13:47:22.345907,1,273289,93.67999999999999,24,-1,T_2,2,1,,,,
372,2019-06-24 13:47:22.376546,1,273290,93.66999999999999,31,-1,T_3,2,1,,,,
373,2019-06-24 13:47:22.405984,1,273291,93.66,0,-1,T_8,2,-1,,,,
374,2019-06-24 13:47:22.455055,1,273292,93.64999999999999,0,-1,T_7,2,-1,,,,
375,2019-06-24 13:47:22.504160,1,273293,93.63999999999999,0,-1,T_7,2,-1,,,,
376,2019-06-24 13:47:22.560307,1,273294,93.66999999999999,1,-1,T_7,2,1,,,,
377,2019-06-24 13:47:22.616536,1,273295,93.66999999999999,26,-1,T_5,2,1,,,,
378,2019-06-24 13:47:22.670522,2,273294,94.0,1,-1,T_7,2,-1,,,,
379,2019-06-24 13:47:22.686925,1,273296,93.66999999999999,1,-1,T_8,2,1,,,,
380,2019-06-24 13:47:22.744026,1,273297,93.66999999999999,32,-1,T_4,2,1,,,,
381,2019-06-24 13:47:22.796023,2,273296,94.0,1,-1,T_8,2,-1,,,,
382,2019-06-24 13:47:22.851021,2,273287,94.0,1,-1,T_7,2,-1,,,,
383,2019-06-24 13:47:22.899565,2,273291,94.0,0,-1,T_8,2,-1,,,,
384,2019-06-24 13:47:22.946532,2,273292,94.0,0,-1,T_7,2,-1,,,,
385,2019-06-24 13:47:22.992574,2,273293,94.0,0,-1,T_7,2,-1,,,,
386,2019-06-24 13:47:23.040981,2,273294,94.0,1,-1,T_7,2,-1,,,,
387,2019-06-24 13:47:23.089140,2,273296,94.0,1,-1,T_8,2,-1,,,,
388,2019-06-24 13:47:23.098611,1,273298,93.66999999999999,36,-1,T_5,2,1,,,,
389,2019-06-24 13:47:23.131176,1,273299,93.66999999999999,27,-1,T_5,2,1,,,,
390,2019-06-24 13:47:23.164030,1,273300,93.69999999999999,24,1,T_7,2,-1,,,,
391,2019-06-24 13:47:23.211119,4,273290,93.66,24,-1,T_3,2,-1,T_3,93.66,24,2019-06-24 13:47:22
392,2019-06-24 13:47:23.211119,4,273300,93.66,24,1,T_7,2,-1,T_7,93.66,24,2019-06-24 13:47:23
393,2019-06-24 13:47:23.285160,1,273301,93.7,30,1,T_1,2,-1,,,,
394,2019-06-24 13:47:23.315482,4,273290,93.66,7,-1,T_3,2,-1,T_3,93.66,7,2019-06-24 13:47:22
395,2019-06-24 13:47:23.315482,4,273295,93.66,23,-1,T_5,2,-1,T_3,93.66,7,2019-06-24 13:47:22
396,2019-06-24 13:47:23.315482,4,273301,93.66,7,1,T_1,2,-1,T_1,93.66,7,2019-06-24 13:47:23
397,2019-06-24 13:47:23.315482,4,273301,93.66,23,1,T_1,2,-1,T_1,93.66,23,2019-06-24 13:47:23
398,2019-06-24 13:47:23.443431,1,273302,93.7,27,1,T_1,2,-1,,,,
399,2019-06-24 13:47:23.471991,4,273295,93.66,3,-1,T_5,2,-1,T_5,93.66,3,2019-06-24 13:47:23
400,2019-06-24 13:47:23.471991,4,273297,93.66,24,-1,T_4,2,-1,T_5,93.66,3,2019-06-24 13:47:23
401,2019-06-24 13:47:23.471991,4,273302,93.66,3,1,T_1,2,-1,T_1,93.66,3,2019-06-24 13:47:23
402,2019-06-24 13:47:23.471991,4,273302,93.66,24,1,T_1,2,-1,T_1,93.66,24,2019-06-24 13:47:23
403,2019-06-24 13:47:23.599751,1,273303,92.99,2,-1,T_1,2,-1,,,,
404,2019-06-24 13:47:23.628130,4,273303,92.99,1,-1,T_1,2,-1,T_1,92.99,1,2019-06-24 13:47:24
405,2019-06-24 13:47:23.628130,4,273303,92.99,1,-1,T_1,2,-1,T_1,92.99,1,2019-06-24 13:47:24
406,2019-06-24 13:47:23.628130,4,273233,92.99,1,1,T_3,2,-1,T_3,92.99,1,2019-06-24 13:47:20
407,2019-06-24 13:47:23.628130,4,273237,92.99,1,1,T_3,2,-1,T_3,92.99,1,2019-06-24 13:47:20
408,2019-06-24 13:47:23.754058,1,273304,92.99,1,-1,T_1,2,-1,,,,
409,2019-06-24 13:47:23.783283,4,273304,92.99,1,-1,T_1,2,-1,T_1,92.99,1,2019-06-24 13:47:24
410,2019-06-24 13:47:23.783283,4,273245,92.99,1,1,T_3,2,-1,T_3,92.99,1,2019-06-24 13:47:20
411,2019-06-24 13:47:23.845924,1,273305,92.99,1,-1,T_2,2,-1,,,,
412,2019-06-24 13:47:23.875701,4,273305,92.99,1,-1,T_2,2,-1,T_2,92.99,1,2019-06-24 13:47:24
413,2019-06-24 13:47:23.875701,4,273253,92.99,1,1,T_4,2,-1,T_4,92.99,1,2019-06-24 13:47:20
414,2019-06-24 13:47:23.940041,1,273306,92.99,1,-1,T_2,2,-1,,,,
415,2019-06-24 13:47:23.969588,4,273306,92.99,1,-1,T_2,2,-1,T_2,92.99,1,2019-06-24 13:47:24
416,2019-06-24 13:47:23.969588,4,273261,92.99,1,1,T_4,2,-1,T_4,92.99,1,2019-06-24 13:47:21
417,2019-06-24 13:47:24.039056,1,273307,92.99,1,-1,T_2,2,-1,,,,
418,2019-06-24 13:47:24.069036,4,273307,92.99,1,-1,T_2,2,-1,T_2,92.99,1,2019-06-24 13:47:24
419,2019-06-24 13:47:24.069036,4,273265,92.99,1,1,T_4,2,-1,T_4,92.99,1,2019-06-24 13:47:21
420,2019-06-24 13:47:24.135920,1,273308,92.99,1,-1,T_2,2,-1,,,,
421,2019-06-24 13:47:24.165588,4,273308,92.99,1,-1,T_2,2,-1,T_2,92.99,1,2019-06-24 13:47:24
422,2019-06-24 13:47:24.165588,4,273108,92.99,1,1,T_4,2,-1,T_4,92.99,1,2019-06-24 13:47:12
423,2019-06-24 13:47:24.234502,1,273309,93.5,1,1,T_3,2,1,,,,
424,2019-06-24 13:47:24.265095,1,273310,93.0,1,1,T_3,2,2,,,,
425,2019-06-24 13:47:24.295653,1,273311,92.75,1,1,T_3,2,3,,,,
426,2019-06-24 13:47:24.326135,1,273312,92.5,1,1,T_3,2,4,,,,
427,2019-06-24 13:47:24.359261,1,273313,93.5,1,1,T_3,2,1,,,,
428,2019-06-24 13:47:24.389004,1,273314,93.0,1,1,T_3,2,2,,,,
429,2019-06-24 13:47:24.418450,1,273315,92.75,1,1,T_3,2,3,,,,
430,2019-06-24 13:47:24.451157,1,273316,92.5,1,1,T_3,2,4,,,,
431,2019-06-24 13:47:24.484630,1,273317,93.66999999999999,1,-1,T_3,2,1,,,,
432,2019-06-24 13:47:24.517568,1,273318,93.67999999999999,1,-1,T_3,2,2,,,,
433,2019-06-24 13:47:24.548894,1,273319,93.69,1,-1,T_3,2,3,,,,
434,2019-06-24 13:47:24.580944,1,273320,94.1,1,-1,T_3,2,4,,,,
435,2019-06-24 13:47:24.616173,1,273321,93.5,1,1,T_3,2,1,,,,
436,2019-06-24 13:47:24.647187,1,273322,93.0,1,1,T_3,2,2,,,,
437,2019-06-24 13:47:24.678273,1,273323,92.75,1,1,T_3,2,3,,,,
438,2019-06-24 13:47:24.710371,1,273324,92.5,1,1,T_3,2,4,,,,
439,2019-06-24 13:47:24.745118,1,273325,93.5,1,1,T_3,2,1,,,,
440,2019-06-24 13:47:24.777060,1,273326,93.0,1,1,T_3,2,2,,,,
441,2019-06-24 13:47:24.809579,1,273327,92.75,1,1,T_3,2,3,,,,
442,2019-06-24 13:47:24.842168,1,273328,92.5,1,1,T_3,2,4,,,,
443,2019-06-24 13:47:24.875546,1,273329,93.5,1,1,T_4,2,1,,,,
444,2019-06-24 13:47:24.906022,1,273330,93.0,1,1,T_4,2,2,,,,
445,2019-06-24 13:47:24.937199,1,273331,92.75,1,1,T_4,2,3,,,,
446,2019-06-24 13:47:24.968647,1,273332,92.5,1,1,T_4,2,4,,,,
447,2019-06-24 13:47:25.001671,1,273333,93.5,1,1,T_4,2,1,,,,
448,2019-06-24 13:47:25.033051,1,273334,93.0,1,1,T_4,2,2,,,,
449,2019-06-24 13:47:25.062967,1,273335,92.75,1,1,T_4,2,3,,,,
450,2019-06-24 13:47:25.093707,1,273336,92.5,1,1,T_4,2,4,,,,
451,2019-06-24 13:47:25.130419,1,273337,93.5,1,1,T_4,2,1,,,,
452,2019-06-24 13:47:25.160357,1,273338,93.0,1,1,T_4,2,2,,,,
453,2019-06-24 13:47:25.190506,1,273339,92.75,1,1,T_4,2,3,,,,
454,2019-06-24 13:47:25.221158,1,273340,92.5,1,1,T_4,2,4,,,,
455,2019-06-24 13:47:25.254743,1,273341,93.5,1,1,T_4,2,1,,,,
456,2019-06-24 13:47:25.285314,1,273342,93.0,1,1,T_4,2,2,,,,
457,2019-06-24 13:47:25.314507,1,273343,92.75,1,1,T_4,2,3,,,,
458,2019-06-24 13:47:25.348685,1,273344,92.5,1,1,T_4,2,4,,,,
459,2019-06-24 13:47:25.383297,1,273345,93.7,25,1,T_5,2,-1,,,,
460,2019-06-24 13:47:25.412115,4,273297,93.66,8,-1,T_4,2,-1,T_4,93.66,8,2019-06-24 13:47:23
461,2019-06-24 13:47:25.412115,4,273298,93.66,17,-1,T_5,2,-1,T_4,93.66,8,2019-06-24 13:47:23
462,2019-06-24 13:47:25.412115,4,273345,93.66,8,1,T_5,2,-1,T_5,93.66,8,2019-06-24 13:47:25
463,2019-06-24 13:47:25.412115,4,273345,93.66,17,1,T_5,2,-1,T_5,93.66,17,2019-06-24 13:47:25
464,2019-06-24 13:47:25.567126,1,273346,92.99,2,-1,T_5,2,-1,,,,
465,2019-06-24 13:47:25.601015,4,273346,92.99,1,-1,T_5,2,-1,T_5,92.99,1,2019-06-24 13:47:26
466,2019-06-24 13:47:25.601015,4,273346,92.99,1,-1,T_5,2,-1,T_5,92.99,1,2019-06-24 13:47:26
467,2019-06-24 13:47:25.601015,4,273133,92.99,1,1,T_3,2,-1,T_3,92.99,1,2019-06-24 13:47:14
468,2019-06-24 13:47:25.601015,4,273145,92.99,1,1,T_3,2,-1,T_3,92.99,1,2019-06-24 13:47:14
469,2019-06-24 13:47:25.745762,1,273347,92.99,2,-1,T_5,2,-1,,,,
470,2019-06-24 13:47:25.776895,4,273347,92.99,1,-1,T_5,2,-1,T_5,92.99,1,2019-06-24 13:47:26
471,2019-06-24 13:47:25.776895,4,273347,92.99,1,-1,T_5,2,-1,T_5,92.99,1,2019-06-24 13:47:26
472,2019-06-24 13:47:25.776895,4,273153,92.99,1,1,T_4,2,-1,T_4,92.99,1,2019-06-24 13:47:15
473,2019-06-24 13:47:25.776895,4,273176,92.99,1,1,T_3,2,-1,T_4,92.99,1,2019-06-24 13:47:15
474,2019-06-24 13:47:25.909144,1,273348,92.99,1,-1,T_5,2,-1,,,,
475,2019-06-24 13:47:25.938687,4,273348,92.99,1,-1,T_5,2,-1,T_5,92.99,1,2019-06-24 13:47:26
476,2019-06-24 13:47:25.938687,4,273184,92.99,1,1,T_3,2,-1,T_3,92.99,1,2019-06-24 13:47:16
477,2019-06-24 13:47:26.003184,1,273349,92.99,1,-1,T_5,2,-1,,,,
478,2019-06-24 13:47:26.032883,4,273349,92.99,1,-1,T_5,2,-1,T_5,92.99,1,2019-06-24 13:47:26
479,2019-06-24 13:47:26.032883,4,273188,92.99,1,1,T_3,2,-1,T_3,92.99,1,2019-06-24 13:47:16
480,2019-06-24 13:47:26.105252,1,273350,93.66999999999999,31,1,T_8,2,-1,,,,
481,2019-06-24 13:47:26.152019,4,273298,93.66,19,-1,T_5,2,1,T_5,93.66,19,2019-06-24 13:47:23
482,2019-06-24 13:47:26.152019,4,273299,93.66,12,-1,T_5,2,1,T_5,93.66,19,2019-06-24 13:47:23
483,2019-06-24 13:47:26.152019,4,273350,93.66,19,1,T_8,2,-1,T_8,93.66,19,2019-06-24 13:47:26
484,2019-06-24 13:47:26.152019,4,273350,93.66,12,1,T_8,2,-1,T_8,93.66,12,2019-06-24 13:47:26
485,2019-06-24 13:47:26.273921,1,273351,93.66999999999999,31,-1,T_8,2,1,,,,
486,2019-06-24 13:47:26.336677,1,273352,92.99,1,-1,T_1,2,-1,,,,
487,2019-06-24 13:47:26.366276,4,273352,92.99,1,-1,T_1,2,-1,T_1,92.99,1,2019-06-24 13:47:26
488,2019-06-24 13:47:26.366276,4,273192,92.99,1,1,T_4,2,-1,T_4,92.99,1,2019-06-24 13:47:16
489,2019-06-24 13:47:26.430280,1,273353,92.99,1,-1,T_1,2,-1,,,,
490,2019-06-24 13:47:26.459972,4,273353,92.99,1,-1,T_1,2,-1,T_1,92.99,1,2019-06-24 13:47:26
491,2019-06-24 13:47:26.459972,4,273196,92.99,1,1,T_4,2,-1,T_4,92.99,1,2019-06-24 13:47:16
492,2019-06-24 13:47:26.527203,1,273354,92.99,1,-1,T_1,2,-1,,,,
493,2019-06-24 13:47:26.555449,4,273354,92.99,1,-1,T_1,2,-1,T_1,92.99,1,2019-06-24 13:47:27
494,2019-06-24 13:47:26.555449,4,273234,92.99,1,1,T_3,2,-1,T_3,92.99,1,2019-06-24 13:47:20
495,2019-06-24 13:47:26.621771,1,273355,92.99,1,-1,T_2,2,-1,,,,
496,2019-06-24 13:47:26.651985,4,273355,92.99,1,-1,T_2,2,-1,T_2,92.99,1,2019-06-24 13:47:27
497,2019-06-24 13:47:26.651985,4,273238,92.99,1,1,T_3,2,-1,T_3,92.99,1,2019-06-24 13:47:20
498,2019-06-24 13:47:26.720698,1,273356,92.99,1,-1,T_2,2,-1,,,,
499,2019-06-24 13:47:26.750267,4,273356,92.99,1,-1,T_2,2,-1,T_2,92.99,1,2019-06-24 13:47:27
500,2019-06-24 13:47:26.750267,4,273246,92.99,1,1,T_3,2,-1,T_3,92.99,1,2019-06-24 13:47:20
501,2019-06-24 13:47:26.815925,1,273357,93.7,22,1,T_2,2,-1,,,,
502,2019-06-24 13:47:26.846783,4,273299,93.66,15,-1,T_5,2,-1,T_5,93.66,15,2019-06-24 13:47:23
503,2019-06-24 13:47:26.846783,4,273317,93.66,1,-1,T_3,2,-1,T_5,93.66,15,2019-06-24 13:47:23
504,2019-06-24 13:47:26.846783,4,273351,93.66,6,-1,T_8,2,-1,T_5,93.66,15,2019-06-24 13:47:23
505,2019-06-24 13:47:26.846783,4,273357,93.66,15,1,T_2,2,-1,T_2,93.66,15,2019-06-24 13:47:27
506,2019-06-24 13:47:26.846783,4,273357,93.66,1,1,T_2,2,-1,T_2,93.66,1,2019-06-24 13:47:27
507,2019-06-24 13:47:26.846783,4,273357,93.66,6,1,T_2,2,-1,T_2,93.66,6,2019-06-24 13:47:27
508,2019-06-24 13:47:27.033472,1,273358,92.99,1,-1,T_2,2,-1,,,,
509,2019-06-24 13:47:27.061853,4,273358,92.99,1,-1,T_2,2,-1,T_2,92.99,1,2019-06-24 13:47:27
510,2019-06-24 13:47:27.061853,4,273254,92.99,1,1,T_4,2,-1,T_4,92.99,1,2019-06-24 13:47:20
511,2019-06-24 13:47:27.127449,1,273359,93.66999999999999,1,-1,T_3,2,1,,,,
512,2019-06-24 13:47:27.158890,1,273360,93.67999999999999,1,-1,T_3,2,2,,,,
513,2019-06-24 13:47:27.191315,1,273361,93.69,1,-1,T_3,2,3,,,,
514,2019-06-24 13:47:27.222487,1,273362,94.1,1,-1,T_3,2,4,,,,
515,2019-06-24 13:47:27.255965,1,273363,93.5,1,1,T_3,2,1,,,,
516,2019-06-24 13:47:27.287198,1,273364,93.0,1,1,T_3,2,2,,,,
517,2019-06-24 13:47:27.317241,1,273365,92.75,1,1,T_3,2,3,,,,
518,2019-06-24 13:47:27.348466,1,273366,92.5,1,1,T_3,2,4,,,,
519,2019-06-24 13:47:27.381648,1,273367,93.5,1,1,T_3,2,1,,,,
520,2019-06-24 13:47:27.411085,1,273368,93.0,1,1,T_3,2,2,,,,
521,2019-06-24 13:47:27.442834,1,273369,92.75,1,1,T_3,2,3,,,,
522,2019-06-24 13:47:27.474938,1,273370,92.5,1,1,T_3,2,4,,,,
523,2019-06-24 13:47:27.508933,1,273371,93.66999999999999,1,-1,T_3,2,1,,,,
524,2019-06-24 13:47:27.539685,1,273372,93.67999999999999,1,-1,T_3,2,2,,,,
525,2019-06-24 13:47:27.569053,1,273373,93.69,1,-1,T_3,2,3,,,,
526,2019-06-24 13:47:27.599376,1,273374,94.1,1,-1,T_3,2,4,,,,
527,2019-06-24 13:47:27.633436,1,273375,93.5,1,1,T_3,2,1,,,,
528,2019-06-24 13:47:27.664688,1,273376,93.0,1,1,T_3,2,2,,,,
529,2019-06-24 13:47:27.696672,1,273377,92.75,1,1,T_3,2,3,,,,
530,2019-06-24 13:47:27.727694,1,273378,92.5,1,1,T_3,2,4,,,,
531,2019-06-24 13:47:27.762152,1,273379,93.66999999999999,1,-1,T_4,2,1,,,,
532,2019-06-24 13:47:27.793257,1,273380,93.67999999999999,1,-1,T_4,2,2,,,,
533,2019-06-24 13:47:27.823402,1,273381,93.69,1,-1,T_4,2,3,,,,
534,2019-06-24 13:47:27.854680,1,273382,94.1,1,-1,T_4,2,4,,,,
535,2019-06-24 13:47:27.889552,1,273383,93.5,1,1,T_4,2,1,,,,
536,2019-06-24 13:47:27.919844,1,273384,93.0,1,1,T_4,2,2,,,,
537,2019-06-24 13:47:27.951210,1,273385,92.75,1,1,T_4,2,3,,,,
538,2019-06-24 13:47:27.981638,1,273386,92.5,1,1,T_4,2,4,,,,
539,2019-06-24 13:47:28.014931,1,273387,93.5,1,1,T_4,2,1,,,,
540,2019-06-24 13:47:28.047609,1,273388,93.0,1,1,T_4,2,2,,,,
541,2019-06-24 13:47:28.078213,1,273389,92.75,1,1,T_4,2,3,,,,
542,2019-06-24 13:47:28.110112,1,273390,92.5,1,1,T_4,2,4,,,,
543,2019-06-24 13:47:28.149502,1,273391,93.5,1,1,T_4,2,1,,,,
544,2019-06-24 13:47:28.181438,1,273392,93.0,1,1,T_4,2,2,,,,
545,2019-06-24 13:47:28.212922,1,273393,92.75,1,1,T_4,2,3,,,,
546,2019-06-24 13:47:28.244080,1,273394,92.5,1,1,T_4,2,4,,,,
547,2019-06-24 13:47:28.279793,1,273395,92.99,1,-1,T_5,2,-1,,,,
548,2019-06-24 13:47:28.309552,4,273395,92.99,1,-1,T_5,2,-1,T_5,92.99,1,2019-06-24 13:47:28
549,2019-06-24 13:47:28.309552,4,273262,92.99,1,1,T_4,2,-1,T_4,92.99,1,2019-06-24 13:47:21
550,2019-06-24 13:47:28.377095,1,273396,92.99,1,-1,T_5,2,-1,,,,
551,2019-06-24 13:47:28.407773,4,273396,92.99,1,-1,T_5,2,-1,T_5,92.99,1,2019-06-24 13:47:28
552,2019-06-24 13:47:28.407773,4,273266,92.99,1,1,T_4,2,-1,T_4,92.99,1,2019-06-24 13:47:21
553,2019-06-24 13:47:28.479966,1,273397,92.99,1,-1,T_5,2,-1,,,,
554,2019-06-24 13:47:28.510415,4,273397,92.99,1,-1,T_5,2,-1,T_5,92.99,1,2019-06-24 13:47:28
555,2019-06-24 13:47:28.510415,4,273309,92.99,1,1,T_3,2,-1,T_3,92.99,1,2019-06-24 13:47:24
556,2019-06-24 13:47:28.576488,1,273398,92.99,1,-1,T_5,2,-1,,,,
557,2019-06-24 13:47:28.605542,4,273398,92.99,1,-1,T_5,2,-1,T_5,92.99,1,2019-06-24 13:47:29
558,2019-06-24 13:47:28.605542,4,273313,92.99,1,1,T_3,2,-1,T_3,92.99,1,2019-06-24 13:47:24
559,2019-06-24 13:47:28.679417,1,273399,93.59,1,-1,T_7,2,1,,,,
560,2019-06-24 13:47:28.738992,1,273400,93.59,26,-1,T_5,2,1,,,,
561,2019-06-24 13:47:28.780254,1,273401,93.59,28,-1,T_5,2,1,,,,
562,2019-06-24 13:47:28.812094,1,273402,93.58,27,-1,T_5,2,1,,,,
563,2019-06-24 13:47:28.843064,1,273403,93.57000000000001,0,-1,T_7,2,-1,,,,
564,2019-06-24 13:47:28.893135,1,273404,93.56,0,-1,T_7,2,-1,,,,
565,2019-06-24 13:47:28.941712,1,273405,93.55,0,-1,T_7,2,-1,,,,
566,2019-06-24 13:47:29.004846,1,273406,93.58,1,-1,T_8,2,1,,,,
567,2019-06-24 13:47:29.065843,1,273407,93.58,27,-1,T_4,2,1,,,,
568,2019-06-24 13:47:29.118485,2,273406,94.0,1,-1,T_8,2,-1,,,,
569,2019-06-24 13:47:29.137830,1,273408,93.58,1,-1,T_8,2,1,,,,
570,2019-06-24 13:47:29.200122,1,273409,93.58,30,-1,T_1,2,1,,,,
571,2019-06-24 13:47:29.254409,2,273408,94.0,1,-1,T_8,2,-1,,,,
572,2019-06-24 13:47:29.313595,2,273399,94.0,1,-1,T_7,2,-1,,,,
573,2019-06-24 13:47:29.364045,2,273403,94.0,0,-1,T_7,2,-1,,,,
574,2019-06-24 13:47:29.412004,2,273404,94.0,0,-1,T_7,2,-1,,,,
575,2019-06-24 13:47:29.460325,2,273405,94.0,0,-1,T_7,2,-1,,,,
576,2019-06-24 13:47:29.508021,2,273406,94.0,1,-1,T_8,2,-1,,,,
577,2019-06-24 13:47:29.557767,2,273408,94.0,1,-1,T_8,2,-1,,,,
578,2019-06-24 13:47:29.567604,1,273410,93.58,32,-1,T_4,2,1,,,,
579,2019-06-24 13:47:29.598679,1,273411,93.58,24,-1,T_4,2,1,,,,
580,2019-06-24 13:47:29.630475,1,273412,93.6,25,1,T_7,2,-1,,,,
581,2019-06-24 13:47:29.680087,4,273402,93.58,25,-1,T_5,2,-1,T_5,93.58,25,2019-06-24 13:47:29
582,2019-06-24 13:47:29.680087,4,273412,93.58,25,1,T_7,2,-1,T_7,93.58,25,2019-06-24 13:47:30
583,2019-06-24 13:47:29.759969,1,273413,93.67999999999999,16,1,T_1,2,-1,,,,
584,2019-06-24 13:47:29.791818,4,273402,93.58,2,-1,T_5,2,4,T_5,93.58,2,2019-06-24 13:47:29
585,2019-06-24 13:47:29.791818,4,273407,93.58,14,-1,T_4,2,4,T_5,93.58,2,2019-06-24 13:47:29
586,2019-06-24 13:47:29.791818,4,273413,93.58,2,1,T_1,2,-1,T_1,93.58,2,2019-06-24 13:47:30
587,2019-06-24 13:47:29.791818,4,273413,93.58,14,1,T_1,2,-1,T_1,93.58,14,2019-06-24 13:47:30
588,2019-06-24 13:47:29.921862,1,273414,92.99,1,-1,T_1,2,-1,,,,
589,2019-06-24 13:47:29.952225,4,273414,92.99,1,-1,T_1,2,-1,T_1,92.99,1,2019-06-24 13:47:30
590,2019-06-24 13:47:29.952225,4,273321,92.99,1,1,T_3,2,-1,T_3,92.99,1,2019-06-24 13:47:25
591,2019-06-24 13:47:30.020600,1,273415,92.99,1,-1,T_1,2,-1,,,,
592,2019-06-24 13:47:30.051512,4,273415,92.99,1,-1,T_1,2,-1,T_1,92.99,1,2019-06-24 13:47:30
593,2019-06-24 13:47:30.051512,4,273325,92.99,1,1,T_3,2,-1,T_3,92.99,1,2019-06-24 13:47:25
594,2019-06-24 13:47:30.120584,1,273416,92.99,1,-1,T_1,2,-1,,,,
595,2019-06-24 13:47:30.150582,4,273416,92.99,1,-1,T_1,2,-1,T_1,92.99,1,2019-06-24 13:47:30
596,2019-06-24 13:47:30.150582,4,273329,92.99,1,1,T_4,2,-1,T_4,92.99,1,2019-06-24 13:47:25
597,2019-06-24 13:47:30.222009,1,273417,93.67999999999999,15,1,T_2,2,-1,,,,
598,2019-06-24 13:47:30.250736,4,273407,93.58,13,-1,T_4,2,4,T_4,93.58,13,2019-06-24 13:47:29
599,2019-06-24 13:47:30.250736,4,273409,93.58,2,-1,T_1,2,4,T_4,93.58,13,2019-06-24 13:47:29
600,2019-06-24 13:47:30.250736,4,273417,93.58,13,1,T_2,2,-1,T_2,93.58,13,2019-06-24 13:47:30
601,2019-06-24 13:47:30.250736,4,273417,93.58,2,1,T_2,2,-1,T_2,93.58,2,2019-06-24 13:47:30
602,2019-06-24 13:47:30.383037,1,273418,92.99,0,-1,T_2,2,-1,,,,
603,2019-06-24 13:47:30.418489,1,273419,92.99,0,-1,T_2,2,-1,,,,
604,2019-06-24 13:47:30.453898,1,273420,93.58,1,-1,T_3,2,1,,,,
605,2019-06-24 13:47:30.485772,1,273421,93.59,1,-1,T_3,2,2,,,,
606,2019-06-24 13:47:30.517641,1,273422,93.66999999999999,1,-1,T_3,2,3,,,,
607,2019-06-24 13:47:30.549335,1,273423,93.67999999999999,1,-1,T_3,2,4,,,,
608,2019-06-24 13:47:30.584362,1,273424,93.58,1,-1,T_3,2,1,,,,
609,2019-06-24 13:47:30.616800,1,273425,93.59,1,-1,T_3,2,2,,,,
610,2019-06-24 13:47:30.649021,1,273426,93.66999999999999,1,-1,T_3,2,3,,,,
611,2019-06-24 13:47:30.681774,1,273427,93.67999999999999,1,-1,T_3,2,4,,,,
612,2019-06-24 13:47:30.717421,1,273428,93.5,1,1,T_3,2,1,,,,
613,2019-06-24 13:47:30.749158,1,273429,93.0,1,1,T_3,2,2,,,,
614,2019-06-24 13:47:30.781993,1,273430,92.75,1,1,T_3,2,3,,,,
615,2019-06-24 13:47:30.813104,1,273431,92.5,1,1,T_3,2,4,,,,
616,2019-06-24 13:47:30.847900,1,273432,93.5,1,1,T_3,2,1,,,,
617,2019-06-24 13:47:30.879710,1,273433,93.0,1,1,T_3,2,2,,,,
618,2019-06-24 13:47:30.911012,1,273434,92.75,1,1,T_3,2,3,,,,
619,2019-06-24 13:47:30.943158,1,273435,92.5,1,1,T_3,2,4,,,,
620,2019-06-24 13:47:30.979192,1,273436,93.5,1,1,T_3,2,1,,,,
621,2019-06-24 13:47:31.010771,1,273437,93.0,1,1,T_3,2,2,,,,
622,2019-06-24 13:47:31.042201,1,273438,92.75,1,1,T_3,2,3,,,,
623,2019-06-24 13:47:31.073328,1,273439,92.5,1,1,T_3,2,4,,,,
624,2019-06-24 13:47:31.108931,1,273440,93.58,1,-1,T_4,2,1,,,,
625,2019-06-24 13:47:31.140531,1,273441,93.59,1,-1,T_4,2,2,,,,
626,2019-06-24 13:47:31.171712,1,273442,93.66999999999999,1,-1,T_4,2,3,,,,
627,2019-06-24 13:47:31.203506,1,273443,93.67999999999999,1,-1,T_4,2,4,,,,
628,2019-06-24 13:47:31.238330,1,273444,93.58,1,-1,T_4,2,1,,,,
629,2019-06-24 13:47:31.270136,1,273445,93.59,1,-1,T_4,2,2,,,,
630,2019-06-24 13:47:31.301631,1,273446,93.66999999999999,1,-1,T_4,2,3,,,,
631,2019-06-24 13:47:31.332601,1,273447,93.67999999999999,1,-1,T_4,2,4,,,,
632,2019-06-24 13:47:31.368817,1,273448,93.5,1,1,T_4,2,1,,,,
633,2019-06-24 13:47:31.401493,1,273449,93.0,1,1,T_4,2,2,,,,
634,2019-06-24 13:47:31.432960,1,273450,92.75,1,1,T_4,2,3,,,,
635,2019-06-24 13:47:31.466823,1,273451,92.5,1,1,T_4,2,4,,,,
636,2019-06-24 13:47:31.502748,1,273452,93.5,1,1,T_4,2,1,,,,
637,2019-06-24 13:47:31.534652,1,273453,93.0,1,1,T_4,2,2,,,,
638,2019-06-24 13:47:31.565254,1,273454,92.75,1,1,T_4,2,3,,,,
639,2019-06-24 13:47:31.595691,1,273455,92.5,1,1,T_4,2,4,,,,
640,2019-06-24 13:47:31.631284,1,273456,93.5,1,1,T_4,2,1,,,,
641,2019-06-24 13:47:31.663601,1,273457,93.0,1,1,T_4,2,2,,,,
642,2019-06-24 13:47:31.696214,1,273458,92.75,1,1,T_4,2,3,,,,
643,2019-06-24 13:47:31.728500,1,273459,92.5,1,1,T_4,2,4,,,,
644,2019-06-24 13:47:31.764354,1,273460,93.67999999999999,14,1,T_5,2,-1,,,,
645,2019-06-24 13:47:31.793606,4,273409,93.58,14,-1,T_1,2,4,T_1,93.58,14,2019-06-24 13:47:29
646,2019-06-24 13:47:31.793606,4,273460,93.58,14,1,T_5,2,-1,T_5,93.58,14,2019-06-24 13:47:32
647,2019-06-24 13:47:31.861444,1,273461,92.99,1,-1,T_5,2,-1,,,,
648,2019-06-24 13:47:31.890190,4,273461,92.99,1,-1,T_5,2,-1,T_5,92.99,1,2019-06-24 13:47:32
649,2019-06-24 13:47:31.890190,4,273333,92.99,1,1,T_4,2,-1,T_4,92.99,1,2019-06-24 13:47:25
650,2019-06-24 13:47:31.962666,1,273462,93.67999999999999,13,1,T_5,2,-1,,,,
651,2019-06-24 13:47:31.991607,4,273409,93.58,13,-1,T_1,2,4,T_1,93.58,13,2019-06-24 13:47:29
652,2019-06-24 13:47:31.991607,4,273462,93.58,13,1,T_5,2,-1,T_5,93.58,13,2019-06-24 13:47:32
653,2019-06-24 13:47:32.058903,1,273463,92.99,1,-1,T_5,2,-1,,,,
654,2019-06-24 13:47:32.087831,4,273463,92.99,1,-1,T_5,2,-1,T_5,92.99,1,2019-06-24 13:47:32
655,2019-06-24 13:47:32.087831,4,273337,92.99,1,1,T_4,2,-1,T_4,92.99,1,2019-06-24 13:47:25
656,2019-06-24 13:47:32.161881,1,273464,93.58,34,1,T_7,2,-1,,,,
657,2019-06-24 13:47:32.210805,4,273409,93.58,1,-1,T_1,2,1,T_1,93.58,1,2019-06-24 13:47:29
658,2019-06-24 13:47:32.210805,4,273410,93.58,32,-1,T_4,2,1,T_1,93.58,1,2019-06-24 13:47:29
659,2019-06-24 13:47:32.210805,4,273411,93.58,1,-1,T_4,2,1,T_1,93.58,1,2019-06-24 13:47:29
660,2019-06-24 13:47:32.210805,4,273464,93.58,1,1,T_7,2,-1,T_7,93.58,1,2019-06-24 13:47:32
661,2019-06-24 13:47:32.210805,4,273464,93.58,32,1,T_7,2,-1,T_7,93.58,32,2019-06-24 13:47:32
662,2019-06-24 13:47:32.210805,4,273464,93.58,1,1,T_7,2,-1,T_7,93.58,1,2019-06-24 13:47:32
663,2019-06-24 13:47:32.400830,1,273465,93.58,34,-1,T_7,2,1,,,,
664,2019-06-24 13:47:32.468863,1,273466,92.99,1,-1,T_1,2,-1,,,,
665,2019-06-24 13:47:32.499028,4,273466,92.99,1,-1,T_1,2,-1,T_1,92.99,1,2019-06-24 13:47:32
666,2019-06-24 13:47:32.499028,4,273341,92.99,1,1,T_4,2,-1,T_4,92.99,1,2019-06-24 13:47:25
667,2019-06-24 13:47:32.571243,1,273467,92.99,1,-1,T_1,2,-1,,,,
668,2019-06-24 13:47:32.599748,4,273467,92.99,1,-1,T_1,2,-1,T_1,92.99,1,2019-06-24 13:47:33
669,2019-06-24 13:47:32.599748,4,273363,92.99,1,1,T_3,2,-1,T_3,92.99,1,2019-06-24 13:47:27
670,2019-06-24 13:47:32.666106,1,273468,93.67999999999999,11,1,T_1,2,-1,,,,
671,2019-06-24 13:47:32.694946,4,273411,93.58,11,-1,T_4,2,4,T_4,93.58,11,2019-06-24 13:47:30
672,2019-06-24 13:47:32.694946,4,273468,93.58,11,1,T_1,2,-1,T_1,93.58,11,2019-06-24 13:47:33
673,2019-06-24 13:47:32.766563,1,273469,92.99,1,-1,T_2,2,-1,,,,
674,2019-06-24 13:47:32.796669,4,273469,92.99,1,-1,T_2,2,-1,T_2,92.99,1,2019-06-24 13:47:33
675,2019-06-24 13:47:32.796669,4,273367,92.99,1,1,T_3,2,-1,T_3,92.99,1,2019-06-24 13:47:27
676,2019-06-24 13:47:32.869408,1,273470,93.67999999999999,10,1,T_2,2,-1,,,,
677,2019-06-24 13:47:32.899494,4,273411,93.58,10,-1,T_4,2,4,T_4,93.58,10,2019-06-24 13:47:30
678,2019-06-24 13:47:32.899494,4,273470,93.58,10,1,T_2,2,-1,T_2,93.58,10,2019-06-24 13:47:33
679,2019-06-24 13:47:32.968612,1,273471,92.99,1,-1,T_2,2,-1,,,,
680,2019-06-24 13:47:32.997088,4,273471,92.99,1,-1,T_2,2,-1,T_2,92.99,1,2019-06-24 13:47:33
681,2019-06-24 13:47:32.997088,4,273375,92.99,1,1,T_3,2,-1,T_3,92.99,1,2019-06-24 13:47:28
682,2019-06-24 13:47:33.066839,1,273472,93.58,1,-1,T_3,2,1,,,,
683,2019-06-24 13:47:33.098501,1,273473,93.59,1,-1,T_3,2,2,,,,
684,2019-06-24 13:47:33.130184,1,273474,93.66999999999999,1,-1,T_3,2,3,,,,
685,2019-06-24 13:47:33.162575,1,273475,93.67999999999999,1,-1,T_3,2,4,,,,
686,2019-06-24 13:47:33.202660,1,273476,93.58,1,-1,T_3,2,1,,,,
687,2019-06-24 13:47:33.235874,1,273477,93.59,1,-1,T_3,2,2,,,,
688,2019-06-24 13:47:33.268263,1,273478,93.66999999999999,1,-1,T_3,2,3,,,,
689,2019-06-24 13:47:33.301288,1,273479,93.67999999999999,1,-1,T_3,2,4,,,,
690,2019-06-24 13:47:33.343385,1,273480,93.58,1,-1,T_4,2,1,,,,
691,2019-06-24 13:47:33.378012,1,273481,93.59,1,-1,T_4,2,2,,,,
692,2019-06-24 13:47:33.412129,1,273482,93.66999999999999,1,-1,T_4,2,3,,,,
693,2019-06-24 13:47:33.445524,1,273483,93.67999999999999,1,-1,T_4,2,4,,,,
694,2019-06-24 13:47:33.485854,1,273484,93.58,1,-1,T_4,2,1,,,,
695,2019-06-24 13:47:33.519601,1,273485,93.59,1,-1,T_4,2,2,,,,
696,2019-06-24 13:47:33.552331,1,273486,93.66999999999999,1,-1,T_4,2,3,,,,
697,2019-06-24 13:47:33.584738,1,273487,93.67999999999999,1,-1,T_4,2,4,,,,
698,2019-06-24 13:47:33.624797,1,273488,93.5,1,1,T_4,2,1,,,,
699,2019-06-24 13:47:33.657372,1,273489,93.0,1,1,T_4,2,2,,,,
700,2019-06-24 13:47:33.691198,1,273490,92.75,1,1,T_4,2,3,,,,
701,2019-06-24 13:47:33.725648,1,273491,92.5,1,1,T_4,2,4,,,,
702,2019-06-24 13:47:33.768092,1,273492,92.99,1,-1,T_5,2,-1,,,,
703,2019-06-24 13:47:33.799308,4,273492,92.99,1,-1,T_5,2,-1,T_5,92.99,1,2019-06-24 13:47:34
704,2019-06-24 13:47:33.799308,4,273383,92.99,1,1,T_4,2,-1,T_4,92.99,1,2019-06-24 13:47:28
705,2019-06-24 13:47:33.870887,1,273493,92.99,0,-1,T_5,2,-1,,,,
706,2019-06-24 13:47:33.908842,1,273494,92.99,0,-1,T_5,2,-1,,,,
707,2019-06-24 13:47:33.946106,1,273495,92.99,0,-1,T_5,2,-1,,,,
708,2019-06-24 13:47:33.997046,1,273496,92.99,0,-1,T_1,2,-1,,,,
709,2019-06-24 13:47:34.035873,1,273497,92.99,0,-1,T_1,2,-1,,,,
710,2019-06-24 13:47:34.076499,1,273498,92.99,0,-1,T_1,2,-1,,,,
711,2019-06-24 13:47:34.114732,1,273499,92.99,0,-1,T_2,2,-1,,,,
712,2019-06-24 13:47:34.150947,1,273500,92.99,0,-1,T_2,2,-1,,,,
713,2019-06-24 13:47:34.190960,1,273501,92.99,0,-1,T_2,2,-1,,,,
714,2019-06-24 13:47:34.227341,1,273502,92.99,0,-1,T_2,2,-1,,,,
715,2019-06-24 13:47:34.263581,1,273503,93.58,1,-1,T_3,2,1,,,,
716,2019-06-24 13:47:34.296762,1,273504,93.59,1,-1,T_3,2,2,,,,
717,2019-06-24 13:47:34.329407,1,273505,93.66999999999999,1,-1,T_3,2,3,,,,
718,2019-06-24 13:47:34.363926,1,273506,93.67999999999999,1,-1,T_3,2,4,,,,
719,2019-06-24 13:47:34.406452,1,273507,93.58,1,-1,T_3,2,1,,,,
720,2019-06-24 13:47:34.439407,1,273508,93.59,1,-1,T_3,2,2,,,,
721,2019-06-24 13:47:34.472235,1,273509,93.66999999999999,1,-1,T_3,2,3,,,,
722,2019-06-24 13:47:34.505610,1,273510,93.67999999999999,1,-1,T_3,2,4,,,,
723,2019-06-24 13:47:34.543150,1,273511,93.5,1,1,T_3,2,1,,,,
724,2019-06-24 13:47:34.573920,1,273512,93.0,1,1,T_3,2,2,,,,
725,2019-06-24 13:47:34.606868,1,273513,92.75,1,1,T_3,2,3,,,,
726,2019-06-24 13:47:34.640201,1,273514,92.5,1,1,T_3,2,4,,,,
727,2019-06-24 13:47:34.679290,1,273515,93.5,1,1,T_3,2,1,,,,
728,2019-06-24 13:47:34.713934,1,273516,93.0,1,1,T_3,2,2,,,,
729,2019-06-24 13:47:34.747843,1,273517,92.75,1,1,T_3,2,3,,,,
730,2019-06-24 13:47:34.782477,1,273518,92.5,1,1,T_3,2,4,,,,
731,2019-06-24 13:47:34.819631,1,273519,93.58,1,-1,T_4,2,1,,,,
732,2019-06-24 13:47:34.851720,1,273520,93.59,1,-1,T_4,2,2,,,,
733,2019-06-24 13:47:34.885072,1,273521,93.66999999999999,1,-1,T_4,2,3,,,,
734,2019-06-24 13:47:34.918318,1,273522,93.67999999999999,1,-1,T_4,2,4,,,,
735,2019-06-24 13:47:34.955758,1,273523,93.58,1,-1,T_4,2,1,,,,
736,2019-06-24 13:47:34.988320,1,273524,93.59,1,-1,T_4,2,2,,,,
737,2019-06-24 13:47:35.022392,1,273525,93.66999999999999,1,-1,T_4,2,3,,,,
738,2019-06-24 13:47:35.056140,1,273526,93.67999999999999,1,-1,T_4,2,4,,,,
739,2019-06-24 13:47:35.093193,1,273527,93.58,1,-1,T_4,2,1,,,,
740,2019-06-24 13:47:35.126064,1,273528,93.59,1,-1,T_4,2,2,,,,
741,2019-06-24 13:47:35.161217,1,273529,93.66999999999999,1,-1,T_4,2,3,,,,
742,2019-06-24 13:47:35.196691,1,273530,93.67999999999999,1,-1,T_4,2,4,,,,
743,2019-06-24 13:47:35.238177,1,273531,93.5,1,1,T_4,2,1,,,,
744,2019-06-24 13:47:35.273261,1,273532,93.0,1,1,T_4,2,2,,,,
745,2019-06-24 13:47:35.308533,1,273533,92.75,1,1,T_4,2,3,,,,
746,2019-06-24 13:47:35.343746,1,273534,92.5,1,1,T_4,2,4,,,,
747,2019-06-24 13:47:35.383723,1,273535,93.67999999999999,11,1,T_5,2,-1,,,,
748,2019-06-24 13:47:35.415464,4,273411,93.58,2,-1,T_4,2,4,T_4,93.58,2,2019-06-24 13:47:30
749,2019-06-24 13:47:35.415464,4,273420,93.58,1,-1,T_3,2,4,T_4,93.58,2,2019-06-24 13:47:30
750,2019-06-24 13:47:35.415464,4,273424,93.58,1,-1,T_3,2,4,T_4,93.58,2,2019-06-24 13:47:30
751,2019-06-24 13:47:35.415464,4,273440,93.58,1,-1,T_4,2,4,T_4,93.58,2,2019-06-24 13:47:30
752,2019-06-24 13:47:35.415464,4,273444,93.58,1,-1,T_4,2,4,T_4,93.58,2,2019-06-24 13:47:30
753,2019-06-24 13:47:35.415464,4,273465,93.58,5,-1,T_7,2,4,T_4,93.58,2,2019-06-24 13:47:30
754,2019-06-24 13:47:35.415464,4,273535,93.58,2,1,T_5,2,-1,T_5,93.58,2,2019-06-24 13:47:35
755,2019-06-24 13:47:35.415464,4,273535,93.58,1,1,T_5,2,-1,T_5,93.58,1,2019-06-24 13:47:35
756,2019-06-24 13:47:35.415464,4,273535,93.58,1,1,T_5,2,-1,T_5,93.58,1,2019-06-24 13:47:35
757,2019-06-24 13:47:35.415464,4,273535,93.58,1,1,T_5,2,-1,T_5,93.58,1,2019-06-24 13:47:35
758,2019-06-24 13:47:35.415464,4,273535,93.58,1,1,T_5,2,-1,T_5,93.58,1,2019-06-24 13:47:35
759,2019-06-24 13:47:35.415464,4,273535,93.58,5,1,T_5,2,-1,T_5,93.58,5,2019-06-24 13:47:35
760,2019-06-24 13:47:35.817718,1,273536,92.99,1,-1,T_5,2,-1,,,,
761,2019-06-24 13:47:35.848642,4,273536,92.99,1,-1,T_5,2,-1,T_5,92.99,1,2019-06-24 13:47:36
762,2019-06-24 13:47:35.848642,4,273387,92.99,1,1,T_4,2,-1,T_4,92.99,1,2019-06-24 13:47:28
763,2019-06-24 13:47:35.919745,1,273537,92.99,1,-1,T_5,2,-1,,,,
764,2019-06-24 13:47:35.951341,4,273537,92.99,1,-1,T_5,2,-1,T_5,92.99,1,2019-06-24 13:47:36
765,2019-06-24 13:47:35.951341,4,273391,92.99,1,1,T_4,2,-1,T_4,92.99,1,2019-06-24 13:47:28
766,2019-06-24 13:47:36.027828,1,273538,92.99,1,-1,T_5,2,-1,,,,
767,2019-06-24 13:47:36.059167,4,273538,92.99,1,-1,T_5,2,-1,T_5,92.99,1,2019-06-24 13:47:36
768,2019-06-24 13:47:36.059167,4,273428,92.99,1,1,T_3,2,-1,T_3,92.99,1,2019-06-24 13:47:31
769,2019-06-24 13:47:36.144701,1,273539,92.99,0,-1,T_1,2,-1,,,,
770,2019-06-24 13:47:36.192952,1,273540,92.99,0,-1,T_1,2,-1,,,,
771,2019-06-24 13:47:36.239515,1,273541,92.99,0,-1,T_1,2,-1,,,,
772,2019-06-24 13:47:36.279305,1,273542,92.99,0,-1,T_1,2,-1,,,,
773,2019-06-24 13:47:36.321436,1,273543,92.99,0,-1,T_2,2,-1,,,,
774,2019-06-24 13:47:36.360374,1,273544,92.99,0,-1,T_2,2,-1,,,,
775,2019-06-24 13:47:36.399032,1,273545,92.99,0,-1,T_2,2,-1,,,,
776,2019-06-24 13:47:36.439940,1,273546,92.99,0,-1,T_2,2,-1,,,,
777,2019-06-24 13:47:36.478494,1,273547,92.99,0,-1,T_2,2,-1,,,,
778,2019-06-24 13:47:36.520103,1,273548,93.5,1,1,T_3,2,1,,,,
779,2019-06-24 13:47:36.555023,1,273549,93.0,1,1,T_3,2,2,,,,
780,2019-06-24 13:47:36.589711,1,273550,92.75,1,1,T_3,2,3,,,,
781,2019-06-24 13:47:36.624781,1,273551,92.5,1,1,T_3,2,4,,,,
782,2019-06-24 13:47:36.662722,1,273552,93.5,1,1,T_3,2,1,,,,
783,2019-06-24 13:47:36.698276,1,273553,93.0,1,1,T_3,2,2,,,,
784,2019-06-24 13:47:36.732328,1,273554,92.75,1,1,T_3,2,3,,,,
785,2019-06-24 13:47:36.767854,1,273555,92.5,1,1,T_3,2,4,,,,
786,2019-06-24 13:47:36.808732,1,273556,93.5,1,1,T_3,2,1,,,,
787,2019-06-24 13:47:36.843450,1,273557,93.0,1,1,T_3,2,2,,,,
788,2019-06-24 13:47:36.877769,1,273558,92.75,1,1,T_3,2,3,,,,
789,2019-06-24 13:47:36.912957,1,273559,92.5,1,1,T_3,2,4,,,,
790,2019-06-24 13:47:36.952438,1,273560,93.58,1,-1,T_3,2,1,,,,
791,2019-06-24 13:47:36.986072,1,273561,93.59,1,-1,T_3,2,2,,,,
792,2019-06-24 13:47:37.019753,1,273562,93.66999999999999,1,-1,T_3,2,3,,,,
793,2019-06-24 13:47:37.054040,1,273563,93.67999999999999,1,-1,T_3,2,4,,,,
794,2019-06-24 13:47:37.092565,1,273564,93.58,1,-1,T_4,2,1,,,,
795,2019-06-24 13:47:37.126837,1,273565,93.59,1,-1,T_4,2,2,,,,
796,2019-06-24 13:47:37.160468,1,273566,93.66999999999999,1,-1,T_4,2,3,,,,
797,2019-06-24 13:47:37.194367,1,273567,93.67999999999999,1,-1,T_4,2,4,,,,
798,2019-06-24 13:47:37.232060,1,273568,93.58,1,-1,T_4,2,1,,,,
799,2019-06-24 13:47:37.266540,1,273569,93.59,1,-1,T_4,2,2,,,,
800,2019-06-24 13:47:37.300933,1,273570,93.66999999999999,1,-1,T_4,2,3,,,,
801,2019-06-24 13:47:37.334009,1,273571,93.67999999999999,1,-1,T_4,2,4,,,,
802,2019-06-24 13:47:37.373235,1,273572,93.58,1,-1,T_4,2,1,,,,
803,2019-06-24 13:47:37.407798,1,273573,93.59,1,-1,T_4,2,2,,,,
804,2019-06-24 13:47:37.441062,1,273574,93.66999999999999,1,-1,T_4,2,3,,,,
805,2019-06-24 13:47:37.475846,1,273575,93.67999999999999,1,-1,T_4,2,4,,,,
806,2019-06-24 13:47:37.525545,1,273576,92.99,1,-1,T_5,2,-1,,,,
807,2019-06-24 13:47:37.555914,4,273576,92.99,1,-1,T_5,2,-1,T_5,92.99,1,2019-06-24 13:47:38
808,2019-06-24 13:47:37.555914,4,273432,92.99,1,1,T_3,2,-1,T_3,92.99,1,2019-06-24 13:47:31
809,2019-06-24 13:47:37.628710,1,273577,92.99,1,-1,T_5,2,-1,,,,
810,2019-06-24 13:47:37.659358,4,273577,92.99,1,-1,T_5,2,-1,T_5,92.99,1,2019-06-24 13:47:38
811,2019-06-24 13:47:37.659358,4,273436,92.99,1,1,T_3,2,-1,T_3,92.99,1,2019-06-24 13:47:31
812,2019-06-24 13:47:37.732440,1,273578,92.99,1,-1,T_5,2,-1,,,,
813,2019-06-24 13:47:37.764443,4,273578,92.99,1,-1,T_5,2,-1,T_5,92.99,1,2019-06-24 13:47:38
814,2019-06-24 13:47:37.764443,4,273448,92.99,1,1,T_4,2,-1,T_4,92.99,1,2019-06-24 13:47:31
815,2019-06-24 13:47:37.837303,1,273579,92.99,0,-1,T_5,2,-1,,,,
816,2019-06-24 13:47:37.876348,1,273580,92.99,0,-1,T_5,2,-1,,,,
817,2019-06-24 13:47:37.927160,1,273581,92.99,0,-1,T_1,2,-1,,,,
818,2019-06-24 13:47:37.966387,1,273582,92.99,0,-1,T_1,2,-1,,,,
819,2019-06-24 13:47:38.005833,1,273583,92.99,0,-1,T_1,2,-1,,,,
820,2019-06-24 13:47:38.048481,1,273584,92.99,0,-1,T_1,2,-1,,,,
821,2019-06-24 13:47:38.090553,1,273585,92.99,0,-1,T_2,2,-1,,,,
822,2019-06-24 13:47:38.135836,1,273586,92.99,0,-1,T_2,2,-1,,,,
823,2019-06-24 13:47:38.176565,1,273587,92.99,0,-1,T_2,2,-1,,,,
824,2019-06-24 13:47:38.215292,1,273588,93.5,1,1,T_3,2,1,,,,
825,2019-06-24 13:47:38.252165,1,273589,93.0,1,1,T_3,2,2,,,,
826,2019-06-24 13:47:38.290298,1,273590,92.75,1,1,T_3,2,3,,,,
827,2019-06-24 13:47:38.324839,1,273591,92.5,1,1,T_3,2,4,,,,
828,2019-06-24 13:47:38.364353,1,273592,93.58,1,-1,T_3,2,1,,,,
829,2019-06-24 13:47:38.398706,1,273593,93.59,1,-1,T_3,2,2,,,,
830,2019-06-24 13:47:38.433821,1,273594,93.66999999999999,1,-1,T_3,2,3,,,,
831,2019-06-24 13:47:38.469446,1,273595,93.67999999999999,1,-1,T_3,2,4,,,,
832,2019-06-24 13:47:38.509786,1,273596,93.58,1,-1,T_3,2,1,,,,
833,2019-06-24 13:47:38.544188,1,273597,93.59,1,-1,T_3,2,2,,,,
834,2019-06-24 13:47:38.578920,1,273598,93.66999999999999,1,-1,T_3,2,3,,,,
835,2019-06-24 13:47:38.613661,1,273599,93.67999999999999,1,-1,T_3,2,4,,,,
836,2019-06-24 13:47:38.653606,1,273600,93.5,1,1,T_3,2,1,,,,
837,2019-06-24 13:47:38.689856,1,273601,93.0,1,1,T_3,2,2,,,,
838,2019-06-24 13:47:38.726413,1,273602,92.75,1,1,T_3,2,3,,,,
839,2019-06-24 13:47:38.763060,1,273603,92.5,1,1,T_3,2,4,,,,
840,2019-06-24 13:47:38.803674,1,273604,93.58,1,-1,T_3,2,1,,,,
841,2019-06-24 13:47:38.839664,1,273605,93.59,1,-1,T_3,2,2,,,,
842,2019-06-24 13:47:38.874402,1,273606,93.66999999999999,1,-1,T_3,2,3,,,,
843,2019-06-24 13:47:38.910607,1,273607,93.67999999999999,1,-1,T_3,2,4,,,,
844,2019-06-24 13:47:38.952198,1,273608,93.58,1,-1,T_4,2,1,,,,
845,2019-06-24 13:47:38.986573,1,273609,93.59,1,-1,T_4,2,2,,,,
846,2019-06-24 13:47:39.021560,1,273610,93.66999999999999,1,-1,T_4,2,3,,,,
847,2019-06-24 13:47:39.057692,1,273611,93.67999999999999,1,-1,T_4,2,4,,,,
848,2019-06-24 13:47:39.100135,1,273612,93.5,1,1,T_4,2,1,,,,
849,2019-06-24 13:47:39.134056,1,273613,93.0,1,1,T_4,2,2,,,,
850,2019-06-24 13:47:39.169401,1,273614,92.75,1,1,T_4,2,3,,,,
851,2019-06-24 13:47:39.206919,1,273615,92.5,1,1,T_4,2,4,,,,
852,2019-06-24 13:47:39.251643,1,273616,93.58,1,-1,T_4,2,1,,,,
853,2019-06-24 13:47:39.288260,1,273617,93.59,1,-1,T_4,2,2,,,,
854,2019-06-24 13:47:39.326177,1,273618,93.66999999999999,1,-1,T_4,2,3,,,,
855,2019-06-24 13:47:39.362651,1,273619,93.67999999999999,1,-1,T_4,2,4,,,,
856,2019-06-24 13:47:39.404582,1,273620,93.58,1,-1,T_4,2,1,,,,
857,2019-06-24 13:47:39.440094,1,273621,93.59,1,-1,T_4,2,2,,,,
858,2019-06-24 13:47:39.477308,1,273622,93.66999999999999,1,-1,T_4,2,3,,,,
859,2019-06-24 13:47:39.514082,1,273623,93.67999999999999,1,-1,T_4,2,4,,,,
860,2019-06-24 13:47:39.561621,1,273624,92.99,1,-1,T_5,2,-1,,,,
861,2019-06-24 13:47:39.593569,4,273624,92.99,1,-1,T_5,2,-1,T_5,92.99,1,2019-06-24 13:47:40
862,2019-06-24 13:47:39.593569,4,273452,92.99,1,1,T_4,2,-1,T_4,92.99,1,2019-06-24 13:47:32
863,2019-06-24 13:47:39.670525,1,273625,92.99,1,-1,T_5,2,-1,,,,
864,2019-06-24 13:47:39.707030,4,273625,92.99,1,-1,T_5,2,-1,T_5,92.99,1,2019-06-24 13:47:40
865,2019-06-24 13:47:39.707030,4,273456,92.99,1,1,T_4,2,-1,T_4,92.99,1,2019-06-24 13:47:32
866,2019-06-24 13:47:39.781917,1,273626,92.99,1,-1,T_5,2,-1,,,,
867,2019-06-24 13:47:39.813866,4,273626,92.99,1,-1,T_5,2,-1,T_5,92.99,1,2019-06-24 13:47:40
868,2019-06-24 13:47:39.813866,4,273488,92.99,1,1,T_4,2,-1,T_4,92.99,1,2019-06-24 13:47:34
869,2019-06-24 13:47:39.891860,1,273627,92.99,0,-1,T_5,2,-1,,,,
870,2019-06-24 13:47:39.939668,1,273628,93.6,90,1,T_7,2,-1,,,,
871,2019-06-24 13:47:39.991254,4,273465,93.58,29,-1,T_7,2,-1,T_7,93.58,29,2019-06-24 13:47:32
872,2019-06-24 13:47:39.991254,4,273472,93.58,1,-1,T_3,2,-1,T_7,93.58,29,2019-06-24 13:47:32
873,2019-06-24 13:47:39.991254,4,273476,93.58,1,-1,T_3,2,-1,T_7,93.58,29,2019-06-24 13:47:32
874,2019-06-24 13:47:39.991254,4,273480,93.58,1,-1,T_4,2,-1,T_7,93.58,29,2019-06-24 13:47:32
875,2019-06-24 13:47:39.991254,4,273484,93.58,1,-1,T_4,2,-1,T_7,93.58,29,2019-06-24 13:47:32
876,2019-06-24 13:47:39.991254,4,273503,93.58,1,-1,T_3,2,-1,T_7,93.58,29,2019-06-24 13:47:32
877,2019-06-24 13:47:39.991254,4,273507,93.58,1,-1,T_3,2,-1,T_7,93.58,29,2019-06-24 13:47:32
878,2019-06-24 13:47:39.991254,4,273519,93.58,1,-1,T_4,2,-1,T_7,93.58,29,2019-06-24 13:47:32
879,2019-06-24 13:47:39.991254,4,273523,93.58,1,-1,T_4,2,-1,T_7,93.58,29,2019-06-24 13:47:32
880,2019-06-24 13:47:39.991254,4,273527,93.58,1,-1,T_4,2,-1,T_7,93.58,29,2019-06-24 13:47:32
881,2019-06-24 13:47:39.991254,4,273560,93.58,1,-1,T_3,2,-1,T_7,93.58,29,2019-06-24 13:47:32
882,2019-06-24 13:47:39.991254,4,273564,93.58,1,-1,T_4,2,-1,T_7,93.58,29,2019-06-24 13:47:32
883,2019-06-24 13:47:39.991254,4,273568,93.58,1,-1,T_4,2,-1,T_7,93.58,29,2019-06-24 13:47:32
884,2019-06-24 13:47:39.991254,4,273572,93.58,1,-1,T_4,2,-1,T_7,93.58,29,2019-06-24 13:47:32
885,2019-06-24 13:47:39.991254,4,273592,93.58,1,-1,T_3,2,-1,T_7,93.58,29,2019-06-24 13:47:32
886,2019-06-24 13:47:39.991254,4,273596,93.58,1,-1,T_3,2,-1,T_7,93.58,29,2019-06-24 13:47:32
887,2019-06-24 13:47:39.991254,4,273604,93.58,1,-1,T_3,2,-1,T_7,93.58,29,2019-06-24 13:47:32
888,2019-06-24 13:47:39.991254,4,273608,93.58,1,-1,T_4,2,-1,T_7,93.58,29,2019-06-24 13:47:32
889,2019-06-24 13:47:39.991254,4,273616,93.58,1,-1,T_4,2,-1,T_7,93.58,29,2019-06-24 13:47:32
890,2019-06-24 13:47:39.991254,4,273620,93.58,1,-1,T_4,2,-1,T_7,93.58,29,2019-06-24 13:47:32
891,2019-06-24 13:47:39.991254,4,273400,93.59,26,-1,T_5,2,-1,T_7,93.58,29,2019-06-24 13:47:32
892,2019-06-24 13:47:39.991254,4,273401,93.59,16,-1,T_5,2,-1,T_7,93.58,29,2019-06-24 13:47:32
893,2019-06-24 13:47:39.991254,4,273628,93.58,29,1,T_7,2,-1,T_7,93.58,29,2019-06-24 13:47:40
894,2019-06-24 13:47:39.991254,4,273628,93.58,1,1,T_7,2,-1,T_7,93.58,1,2019-06-24 13:47:40
895,2019-06-24 13:47:39.991254,4,273628,93.58,1,1,T_7,2,-1,T_7,93.58,1,2019-06-24 13:47:40
896,2019-06-24 13:47:39.991254,4,273628,93.58,1,1,T_7,2,-1,T_7,93.58,1,2019-06-24 13:47:40
897,2019-06-24 13:47:39.991254,4,273628,93.58,1,1,T_7,2,-1,T_7,93.58,1,2019-06-24 13:47:40
898,2019-06-24 13:47:39.991254,4,273628,93.58,1,1,T_7,2,-1,T_7,93.58,1,2019-06-24 13:47:40
899,2019-06-24 13:47:39.991254,4,273628,93.58,1,1,T_7,2,-1,T_7,93.58,1,2019-06-24 13:47:40
900,2019-06-24 13:47:39.991254,4,273628,93.58,1,1,T_7,2,-1,T_7,93.58,1,2019-06-24 13:47:40
901,2019-06-24 13:47:39.991254,4,273628,93.58,1,1,T_7,2,-1,T_7,93.58,1,2019-06-24 13:47:40
902,2019-06-24 13:47:39.991254,4,273628,93.58,1,1,T_7,2,-1,T_7,93.58,1,2019-06-24 13:47:40
903,2019-06-24 13:47:39.991254,4,273628,93.58,1,1,T_7,2,-1,T_7,93.58,1,2019-06-24 13:47:40
904,2019-06-24 13:47:39.991254,4,273628,93.58,1,1,T_7,2,-1,T_7,93.58,1,2019-06-24 13:47:40
905,2019-06-24 13:47:39.991254,4,273628,93.58,1,1,T_7,2,-1,T_7,93.58,1,2019-06-24 13:47:40
906,2019-06-24 13:47:39.991254,4,273628,93.58,1,1,T_7,2,-1,T_7,93.58,1,2019-06-24 13:47:40
907,2019-06-24 13:47:39.991254,4,273628,93.58,1,1,T_7,2,-1,T_7,93.58,1,2019-06-24 13:47:40
908,2019-06-24 13:47:39.991254,4,273628,93.58,1,1,T_7,2,-1,T_7,93.58,1,2019-06-24 13:47:40
909,2019-06-24 13:47:39.991254,4,273628,93.58,1,1,T_7,2,-1,T_7,93.58,1,2019-06-24 13:47:40
910,2019-06-24 13:47:39.991254,4,273628,93.58,1,1,T_7,2,-1,T_7,93.58,1,2019-06-24 13:47:40
911,2019-06-24 13:47:39.991254,4,273628,93.58,1,1,T_7,2,-1,T_7,93.58,1,2019-06-24 13:47:40
912,2019-06-24 13:47:39.991254,4,273628,93.58,1,1,T_7,2,-1,T_7,93.58,1,2019-06-24 13:47:40
913,2019-06-24 13:47:39.991254,4,273628,93.59,26,1,T_7,2,-1,T_7,93.59,26,2019-06-24 13:47:40
914,2019-06-24 13:47:39.991254,4,273628,93.59,16,1,T_7,2,-1,T_7,93.59,16,2019-06-24 13:47:40
915,2019-06-24 13:47:41.524038,1,273629,93.5,26,1,T_1,2,1,,,,
916,2019-06-24 13:47:41.558997,1,273630,93.59,30,-1,T_1,2,1,,,,
917,2019-06-24 13:47:41.606584,1,273631,93.59,25,1,T_7,2,-1,,,,
918,2019-06-24 13:47:41.658698,4,273401,93.59,12,-1,T_5,2,1,T_5,93.59,12,2019-06-24 13:47:29
919,2019-06-24 13:47:41.658698,4,273421,93.59,1,-1,T_3,2,1,T_5,93.59,12,2019-06-24 13:47:29
920,2019-06-24 13:47:41.658698,4,273425,93.59,1,-1,T_3,2,1,T_5,93.59,12,2019-06-24 13:47:29
921,2019-06-24 13:47:41.658698,4,273441,93.59,1,-1,T_4,2,1,T_5,93.59,12,2019-06-24 13:47:29
922,2019-06-24 13:47:41.658698,4,273445,93.59,1,-1,T_4,2,1,T_5,93.59,12,2019-06-24 13:47:29
923,2019-06-24 13:47:41.658698,4,273473,93.59,1,-1,T_3,2,1,T_5,93.59,12,2019-06-24 13:47:29
924,2019-06-24 13:47:41.658698,4,273477,93.59,1,-1,T_3,2,1,T_5,93.59,12,2019-06-24 13:47:29
925,2019-06-24 13:47:41.658698,4,273481,93.59,1,-1,T_4,2,1,T_5,93.59,12,2019-06-24 13:47:29
926,2019-06-24 13:47:41.658698,4,273485,93.59,1,-1,T_4,2,1,T_5,93.59,12,2019-06-24 13:47:29
927,2019-06-24 13:47:41.658698,4,273504,93.59,1,-1,T_3,2,1,T_5,93.59,12,2019-06-24 13:47:29
928,2019-06-24 13:47:41.658698,4,273508,93.59,1,-1,T_3,2,1,T_5,93.59,12,2019-06-24 13:47:29
929,2019-06-24 13:47:41.658698,4,273520,93.59,1,-1,T_4,2,1,T_5,93.59,12,2019-06-24 13:47:29
930,2019-06-24 13:47:41.658698,4,273524,93.59,1,-1,T_4,2,1,T_5,93.59,12,2019-06-24 13:47:29
931,2019-06-24 13:47:41.658698,4,273528,93.59,1,-1,T_4,2,1,T_5,93.59,12,2019-06-24 13:47:29
932,2019-06-24 13:47:41.658698,4,273631,93.59,12,1,T_7,2,-1,T_7,93.59,12,2019-06-24 13:47:42
933,2019-06-24 13:47:41.658698,4,273631,93.59,1,1,T_7,2,-1,T_7,93.59,1,2019-06-24 13:47:42
934,2019-06-24 13:47:41.658698,4,273631,93.59,1,1,T_7,2,-1,T_7,93.59,1,2019-06-24 13:47:42
935,2019-06-24 13:47:41.658698,4,273631,93.59,1,1,T_7,2,-1,T_7,93.59,1,2019-06-24 13:47:42
936,2019-06-24 13:47:41.658698,4,273631,93.59,1,1,T_7,2,-1,T_7,93.59,1,2019-06-24 13:47:42
937,2019-06-24 13:47:41.658698,4,273631,93.59,1,1,T_7,2,-1,T_7,93.59,1,2019-06-24 13:47:42
938,2019-06-24 13:47:41.658698,4,273631,93.59,1,1,T_7,2,-1,T_7,93.59,1,2019-06-24 13:47:42
939,2019-06-24 13:47:41.658698,4,273631,93.59,1,1,T_7,2,-1,T_7,93.59,1,2019-06-24 13:47:42
940,2019-06-24 13:47:41.658698,4,273631,93.59,1,1,T_7,2,-1,T_7,93.59,1,2019-06-24 13:47:42
941,2019-06-24 13:47:41.658698,4,273631,93.59,1,1,T_7,2,-1,T_7,93.59,1,2019-06-24 13:47:42
942,2019-06-24 13:47:41.658698,4,273631,93.59,1,1,T_7,2,-1,T_7,93.59,1,2019-06-24 13:47:42
943,2019-06-24 13:47:41.658698,4,273631,93.59,1,1,T_7,2,-1,T_7,93.59,1,2019-06-24 13:47:42
944,2019-06-24 13:47:41.658698,4,273631,93.59,1,1,T_7,2,-1,T_7,93.59,1,2019-06-24 13:47:42
945,2019-06-24 13:47:41.658698,4,273631,93.59,1,1,T_7,2,-1,T_7,93.59,1,2019-06-24 13:47:42
946,2019-06-24 13:47:42.586901,1,273632,93.59,24,1,T_5,2,-1,,,,
947,2019-06-24 13:47:42.618057,4,273561,93.59,1,-1,T_3,2,1,T_3,93.59,1,2019-06-24 13:47:37
948,2019-06-24 13:47:42.618057,4,273565,93.59,1,-1,T_4,2,1,T_3,93.59,1,2019-06-24 13:47:37
949,2019-06-24 13:47:42.618057,4,273569,93.59,1,-1,T_4,2,1,T_3,93.59,1,2019-06-24 13:47:37
950,2019-06-24 13:47:42.618057,4,273573,93.59,1,-1,T_4,2,1,T_3,93.59,1,2019-06-24 13:47:37
951,2019-06-24 13:47:42.618057,4,273593,93.59,1,-1,T_3,2,1,T_3,93.59,1,2019-06-24 13:47:37
952,2019-06-24 13:47:42.618057,4,273597,93.59,1,-1,T_3,2,1,T_3,93.59,1,2019-06-24 13:47:37
953,2019-06-24 13:47:42.618057,4,273605,93.59,1,-1,T_3,2,1,T_3,93.59,1,2019-06-24 13:47:37
954,2019-06-24 13:47:42.618057,4,273609,93.59,1,-1,T_4,2,1,T_3,93.59,1,2019-06-24 13:47:37
955,2019-06-24 13:47:42.618057,4,273617,93.59,1,-1,T_4,2,1,T_3,93.59,1,2019-06-24 13:47:37
956,2019-06-24 13:47:42.618057,4,273621,93.59,1,-1,T_4,2,1,T_3,93.59,1,2019-06-24 13:47:37
957,2019-06-24 13:47:42.618057,4,273630,93.59,14,-1,T_1,2,1,T_3,93.59,1,2019-06-24 13:47:37
958,2019-06-24 13:47:42.618057,4,273632,93.59,1,1,T_5,2,-1,T_5,93.59,1,2019-06-24 13:47:43
959,2019-06-24 13:47:42.618057,4,273632,93.59,1,1,T_5,2,-1,T_5,93.59,1,2019-06-24 13:47:43
960,2019-06-24 13:47:42.618057,4,273632,93.59,1,1,T_5,2,-1,T_5,93.59,1,2019-06-24 13:47:43
961,2019-06-24 13:47:42.618057,4,273632,93.59,1,1,T_5,2,-1,T_5,93.59,1,2019-06-24 13:47:43
962,2019-06-24 13:47:42.618057,4,273632,93.59,1,1,T_5,2,-1,T_5,93.59,1,2019-06-24 13:47:43
963,2019-06-24 13:47:42.618057,4,273632,93.59,1,1,T_5,2,-1,T_5,93.59,1,2019-06-24 13:47:43
964,2019-06-24 13:47:42.618057,4,273632,93.59,1,1,T_5,2,-1,T_5,93.59,1,2019-06-24 13:47:43
965,2019-06-24 13:47:42.618057,4,273632,93.59,1,1,T_5,2,-1,T_5,93.59,1,2019-06-24 13:47:43
966,2019-06-24 13:47:42.618057,4,273632,93.59,1,1,T_5,2,-1,T_5,93.59,1,2019-06-24 13:47:43
967,2019-06-24 13:47:42.618057,4,273632,93.59,1,1,T_5,2,-1,T_5,93.59,1,2019-06-24 13:47:43
968,2019-06-24 13:47:42.618057,4,273632,93.59,14,1,T_5,2,-1,T_5,93.59,14,2019-06-24 13:47:43
969,2019-06-24 13:47:43.346032,1,273633,93.69,29,1,T_3,2,-1,,,,
970,2019-06-24 13:47:43.378402,4,273630,93.59,16,-1,T_1,2,3,T_1,93.59,16,2019-06-24 13:47:42
971,2019-06-24 13:47:43.378402,4,273351,93.66,13,-1,T_8,2,3,T_1,93.59,16,2019-06-24 13:47:42
972,2019-06-24 13:47:43.378402,4,273633,93.59,16,1,T_3,2,-1,T_3,93.59,16,2019-06-24 13:47:43
973,2019-06-24 13:47:43.378402,4,273633,93.66,13,1,T_3,2,-1,T_3,93.66,13,2019-06-24 13:47:43
974,2019-06-24 13:47:43.526427,1,273634,93.5,90,-1,T_7,2,1,,,,
975,2019-06-24 13:47:43.579221,4,273634,93.5,1,-1,T_7,2,1,T_7,93.5,1,2019-06-24 13:47:44
976,2019-06-24 13:47:43.579221,4,273634,93.5,1,-1,T_7,2,1,T_7,93.5,1,2019-06-24 13:47:44
977,2019-06-24 13:47:43.579221,4,273634,93.5,1,-1,T_7,2,1,T_7,93.5,1,2019-06-24 13:47:44
978,2019-06-24 13:47:43.579221,4,273634,93.5,1,-1,T_7,2,1,T_7,93.5,1,2019-06-24 13:47:44
979,2019-06-24 13:47:43.579221,4,273634,93.5,1,-1,T_7,2,1,T_7,93.5,1,2019-06-24 13:47:44
980,2019-06-24 13:47:43.579221,4,273634,93.5,1,-1,T_7,2,1,T_7,93.5,1,2019-06-24 13:47:44
981,2019-06-24 13:47:43.579221,4,273634,93.5,1,-1,T_7,2,1,T_7,93.5,1,2019-06-24 13:47:44
982,2019-06-24 13:47:43.579221,4,273634,93.5,1,-1,T_7,2,1,T_7,93.5,1,2019-06-24 13:47:44
983,2019-06-24 13:47:43.579221,4,273634,93.5,1,-1,T_7,2,1,T_7,93.5,1,2019-06-24 13:47:44
984,2019-06-24 13:47:43.579221,4,273634,93.5,26,-1,T_7,2,1,T_7,93.5,26,2019-06-24 13:47:44
985,2019-06-24 13:47:43.579221,4,273511,93.5,1,1,T_3,2,-1,T_3,93.5,1,2019-06-24 13:47:35
986,2019-06-24 13:47:43.579221,4,273515,93.5,1,1,T_3,2,-1,T_3,93.5,1,2019-06-24 13:47:35
987,2019-06-24 13:47:43.579221,4,273531,93.5,1,1,T_4,2,-1,T_3,93.5,1,2019-06-24 13:47:35
988,2019-06-24 13:47:43.579221,4,273548,93.5,1,1,T_3,2,-1,T_3,93.5,1,2019-06-24 13:47:35
989,2019-06-24 13:47:43.579221,4,273552,93.5,1,1,T_3,2,-1,T_3,93.5,1,2019-06-24 13:47:35
990,2019-06-24 13:47:43.579221,4,273556,93.5,1,1,T_3,2,-1,T_3,93.5,1,2019-06-24 13:47:35
991,2019-06-24 13:47:43.579221,4,273588,93.5,1,1,T_3,2,-1,T_3,93.5,1,2019-06-24 13:47:35
992,2019-06-24 13:47:43.579221,4,273600,93.5,1,1,T_3,2,-1,T_3,93.5,1,2019-06-24 13:47:35
993,2019-06-24 13:47:43.579221,4,273612,93.5,1,1,T_4,2,-1,T_3,93.5,1,2019-06-24 13:47:35
994,2019-06-24 13:47:43.579221,4,273629,93.5,26,1,T_1,2,-1,T_3,93.5,1,2019-06-24 13:47:35
995,2019-06-24 13:47:44.272532,1,273635,93.09,1,-1,T_7,2,1,,,,
996,2019-06-24 13:47:44.342933,1,273636,93.09,34,-1,T_1,2,1,,,,
997,2019-06-24 13:47:44.391049,1,273637,93.09,24,-1,T_5,2,1,,,,
998,2019-06-24 13:47:44.426089,1,273638,93.08,35,-1,T_2,2,1,,,,
999,2019-06-24 13:47:44.463728,1,273639,93.07000000000001,0,-1,T_8,2,-1,,,,
1000,2019-06-24 13:47:44.519122,1,273640,93.06,0,-1,T_8,2,-1,,,,
1001,2019-06-24 13:47:44.573494,1,273641,93.05,0,-1,T_7,2,-1,,,,
1002,2019-06-24 13:47:44.642116,1,273642,93.08,1,-1,T_7,2,1,,,,
1003,2019-06-24 13:47:44.714875,1,273643,93.08,26,-1,T_2,2,1,,,,
1004,2019-06-24 13:47:44.772700,2,273642,93.0,1,-1,T_7,2,-1,,,,
1005,2019-06-24 13:47:44.797230,1,273644,93.08,1,-1,T_7,2,1,,,,
1006,2019-06-24 13:47:44.867543,1,273645,93.08,34,-1,T_2,2,1,,,,
1007,2019-06-24 13:47:44.925644,2,273644,93.0,1,-1,T_7,2,-1,,,,
1008,2019-06-24 13:47:44.996900,2,273635,93.0,1,-1,T_7,2,-1,,,,
1009,2019-06-24 13:47:45.052168,2,273639,93.0,0,-1,T_8,2,-1,,,,
1010,2019-06-24 13:47:45.106022,2,273640,93.0,0,-1,T_8,2,-1,,,,
1011,2019-06-24 13:47:45.159039,2,273641,93.0,0,-1,T_7,2,-1,,,,
1012,2019-06-24 13:47:45.211112,2,273642,93.0,1,-1,T_7,2,-1,,,,
1013,2019-06-24 13:47:45.265567,2,273644,93.0,1,-1,T_7,2,-1,,,,
1014,2019-06-24 13:47:45.276766,1,273646,93.08,26,-1,T_4,2,1,,,,
1015,2019-06-24 13:47:45.315045,1,273647,93.08,24,-1,T_2,2,1,,,,
1016,2019-06-24 13:47:45.348056,1,273648,93.1,25,1,T_7,2,-1,,,,
1017,2019-06-24 13:47:45.396914,4,273638,93.08,25,-1,T_2,2,-1,T_2,93.08,25,2019-06-24 13:47:44
1018,2019-06-24 13:47:45.396914,4,273648,93.08,25,1,T_7,2,-1,T_7,93.08,25,2019-06-24 13:47:45
1019,2019-06-24 13:47:45.487679,1,273649,93.51,17,1,T_1,2,-1,,,,
1020,2019-06-24 13:47:45.518847,4,273638,93.08,10,-1,T_2,2,-1,T_2,93.08,10,2019-06-24 13:47:44
1021,2019-06-24 13:47:45.518847,4,273643,93.08,7,-1,T_2,2,-1,T_2,93.08,10,2019-06-24 13:47:44
1022,2019-06-24 13:47:45.518847,4,273649,93.08,10,1,T_1,2,-1,T_1,93.08,10,2019-06-24 13:47:45
1023,2019-06-24 13:47:45.518847,4,273649,93.08,7,1,T_1,2,-1,T_1,93.08,7,2019-06-24 13:47:45
1024,2019-06-24 13:47:45.676692,1,273650,92.88,0,1,T_1,2,2,,,,
1025,2019-06-24 13:47:45.720696,1,273651,93.51,16,1,T_2,2,-1,,,,
1026,2019-06-24 13:47:45.751218,4,273643,93.08,16,-1,T_2,2,-1,T_2,93.08,16,2019-06-24 13:47:45
1027,2019-06-24 13:47:45.751218,4,273651,93.08,16,1,T_2,2,-1,T_2,93.08,16,2019-06-24 13:47:46
1028,2019-06-24 13:47:45.829480,1,273652,92.86999999999999,7,-1,T_2,2,-1,,,,
1029,2019-06-24 13:47:45.862912,4,273652,92.86,7,-1,T_2,2,-1,T_2,92.86,7,2019-06-24 13:47:46
1030,2019-06-24 13:47:45.862912,4,273064,92.86,7,1,T_1,2,-1,T_1,92.86,7,2019-06-24 13:47:11
1031,2019-06-24 13:47:45.936472,1,273653,92.86999999999999,6,-1,T_2,2,-1,,,,
1032,2019-06-24 13:47:45.965694,4,273653,92.86,6,-1,T_2,2,-1,T_2,92.86,6,2019-06-24 13:47:46
1033,2019-06-24 13:47:45.965694,4,273064,92.86,6,1,T_1,2,-1,T_1,92.86,6,2019-06-24 13:47:11
1034,2019-06-24 13:47:46.038578,1,273654,92.86999999999999,6,-1,T_2,2,-1,,,,
1035,2019-06-24 13:47:46.068226,4,273654,92.86,6,-1,T_2,2,-1,T_2,92.86,6,2019-06-24 13:47:46
1036,2019-06-24 13:47:46.068226,4,273064,92.86,6,1,T_1,2,-1,T_1,92.86,6,2019-06-24 13:47:11
1037,2019-06-24 13:47:46.141235,1,273655,93.0,1,1,T_3,2,1,,,,
1038,2019-06-24 13:47:46.174855,1,273656,92.88,1,1,T_3,2,2,,,,
1039,2019-06-24 13:47:46.207515,1,273657,92.75,1,1,T_3,2,3,,,,
1040,2019-06-24 13:47:46.241011,1,273658,92.5,1,1,T_3,2,4,,,,
1041,2019-06-24 13:47:46.280373,1,273659,93.0,1,1,T_3,2,1,,,,
1042,2019-06-24 13:47:46.315113,1,273660,92.88,1,1,T_3,2,2,,,,
1043,2019-06-24 13:47:46.351658,1,273661,92.75,1,1,T_3,2,3,,,,
1044,2019-06-24 13:47:46.385819,1,273662,92.5,1,1,T_3,2,4,,,,
1045,2019-06-24 13:47:46.425153,1,273663,93.0,1,1,T_3,2,1,,,,
1046,2019-06-24 13:47:46.459992,1,273664,92.88,1,1,T_3,2,2,,,,
1047,2019-06-24 13:47:46.494152,1,273665,92.75,1,1,T_3,2,3,,,,
1048,2019-06-24 13:47:46.528042,1,273666,92.5,1,1,T_3,2,4,,,,
1049,2019-06-24 13:47:46.573299,1,273667,93.08,1,-1,T_3,2,1,,,,
1050,2019-06-24 13:47:46.606355,1,273668,93.09,1,-1,T_3,2,2,,,,
1051,2019-06-24 13:47:46.640256,1,273669,93.5,1,-1,T_3,2,3,,,,
1052,2019-06-24 13:47:46.673430,1,273670,93.66999999999999,1,-1,T_3,2,4,,,,
1053,2019-06-24 13:47:46.713319,1,273671,93.0,1,1,T_4,2,1,,,,
1054,2019-06-24 13:47:46.746363,1,273672,92.88,1,1,T_4,2,2,,,,
1055,2019-06-24 13:47:46.782201,1,273673,92.75,1,1,T_4,2,3,,,,
1056,2019-06-24 13:47:46.817081,1,273674,92.5,1,1,T_4,2,4,,,,
1057,2019-06-24 13:47:46.856063,1,273675,93.0,1,1,T_4,2,1,,,,
1058,2019-06-24 13:47:46.889599,1,273676,92.88,1,1,T_4,2,2,,,,
1059,2019-06-24 13:47:46.924343,1,273677,92.75,1,1,T_4,2,3,,,,
1060,2019-06-24 13:47:46.958581,1,273678,92.5,1,1,T_4,2,4,,,,
1061,2019-06-24 13:47:46.996633,1,273679,93.0,1,1,T_4,2,1,,,,
1062,2019-06-24 13:47:47.030095,1,273680,92.88,1,1,T_4,2,2,,,,
1063,2019-06-24 13:47:47.064109,1,273681,92.75,1,1,T_4,2,3,,,,
1064,2019-06-24 13:47:47.098208,1,273682,92.5,1,1,T_4,2,4,,,,
1065,2019-06-24 13:47:47.138385,1,273683,93.08,1,-1,T_4,2,1,,,,
1066,2019-06-24 13:47:47.172358,1,273684,93.09,1,-1,T_4,2,2,,,,
1067,2019-06-24 13:47:47.205896,1,273685,93.5,1,-1,T_4,2,3,,,,
1068,2019-06-24 13:47:47.239450,1,273686,93.66999999999999,1,-1,T_4,2,4,,,,
1069,2019-06-24 13:47:47.279415,1,273687,93.08,1,-1,T_4,2,1,,,,
1070,2019-06-24 13:47:47.312652,1,273688,93.09,1,-1,T_4,2,2,,,,
1071,2019-06-24 13:47:47.346650,1,273689,93.5,1,-1,T_4,2,3,,,,
1072,2019-06-24 13:47:47.381055,1,273690,93.66999999999999,1,-1,T_4,2,4,,,,
1073,2019-06-24 13:47:47.419940,1,273691,93.51,15,1,T_5,2,-1,,,,
1074,2019-06-24 13:47:47.450582,4,273643,93.08,3,-1,T_2,2,-1,T_2,93.08,3,2019-06-24 13:47:45
1075,2019-06-24 13:47:47.450582,4,273645,93.08,12,-1,T_2,2,-1,T_2,93.08,3,2019-06-24 13:47:45
1076,2019-06-24 13:47:47.450582,4,273691,93.08,3,1,T_5,2,-1,T_5,93.08,3,2019-06-24 13:47:47
1077,2019-06-24 13:47:47.450582,4,273691,93.08,12,1,T_5,2,-1,T_5,93.08,12,2019-06-24 13:47:47
1078,2019-06-24 13:47:47.589316,1,273692,92.86999999999999,6,-1,T_5,2,-1,,,,
1079,2019-06-24 13:47:47.621127,4,273692,92.86,6,-1,T_5,2,-1,T_5,92.86,6,2019-06-24 13:47:48
1080,2019-06-24 13:47:47.621127,4,273064,92.86,6,1,T_1,2,-1,T_1,92.86,6,2019-06-24 13:47:11
1081,2019-06-24 13:47:47.694662,1,273693,92.86999999999999,5,-1,T_5,2,-1,,,,
1082,2019-06-24 13:47:47.726807,4,273693,92.86,2,-1,T_5,2,-1,T_5,92.86,2,2019-06-24 13:47:48
1083,2019-06-24 13:47:47.726807,4,273693,92.86,1,-1,T_5,2,-1,T_5,92.86,1,2019-06-24 13:47:48
1084,2019-06-24 13:47:47.726807,4,273693,92.86,1,-1,T_5,2,-1,T_5,92.86,1,2019-06-24 13:47:48
1085,2019-06-24 13:47:47.726807,4,273693,92.86,1,-1,T_5,2,-1,T_5,92.86,1,2019-06-24 13:47:48
1086,2019-06-24 13:47:47.726807,4,273064,92.86,2,1,T_1,2,-1,T_1,92.86,2,2019-06-24 13:47:11
1087,2019-06-24 13:47:47.726807,4,273093,92.86,1,1,T_3,2,-1,T_1,92.86,2,2019-06-24 13:47:11
1088,2019-06-24 13:47:47.726807,4,273109,92.86,1,1,T_4,2,-1,T_1,92.86,2,2019-06-24 13:47:11
1089,2019-06-24 13:47:47.726807,4,273134,92.86,1,1,T_3,2,-1,T_1,92.86,2,2019-06-24 13:47:11
1090,2019-06-24 13:47:47.995662,1,273694,92.86999999999999,4,-1,T_5,2,-1,,,,
1091,2019-06-24 13:47:48.028309,4,273694,92.86,1,-1,T_5,2,-1,T_5,92.86,1,2019-06-24 13:47:48
1092,2019-06-24 13:47:48.028309,4,273694,92.86,1,-1,T_5,2,-1,T_5,92.86,1,2019-06-24 13:47:48
1093,2019-06-24 13:47:48.028309,4,273694,92.86,1,-1,T_5,2,-1,T_5,92.86,1,2019-06-24 13:47:48
1094,2019-06-24 13:47:48.028309,4,273694,92.86,1,-1,T_5,2,-1,T_5,92.86,1,2019-06-24 13:47:48
1095,2019-06-24 13:47:48.028309,4,273146,92.86,1,1,T_3,2,-1,T_3,92.86,1,2019-06-24 13:47:14
1096,2019-06-24 13:47:48.028309,4,273154,92.86,1,1,T_4,2,-1,T_3,92.86,1,2019-06-24 13:47:14
1097,2019-06-24 13:47:48.028309,4,273177,92.86,1,1,T_3,2,-1,T_3,92.86,1,2019-06-24 13:47:14
1098,2019-06-24 13:47:48.028309,4,273185,92.86,1,1,T_3,2,-1,T_3,92.86,1,2019-06-24 13:47:14
1099,2019-06-24 13:47:48.364925,1,273695,92.86999999999999,4,-1,T_5,2,-1,,,,
1100,2019-06-24 13:47:48.395599,4,273695,92.86,1,-1,T_5,2,-1,T_5,92.86,1,2019-06-24 13:47:48
1101,2019-06-24 13:47:48.395599,4,273695,92.86,1,-1,T_5,2,-1,T_5,92.86,1,2019-06-24 13:47:48
1102,2019-06-24 13:47:48.395599,4,273695,92.86,1,-1,T_5,2,-1,T_5,92.86,1,2019-06-24 13:47:48
1103,2019-06-24 13:47:48.395599,4,273695,92.86,1,-1,T_5,2,-1,T_5,92.86,1,2019-06-24 13:47:48
1104,2019-06-24 13:47:48.395599,4,273189,92.86,1,1,T_3,2,-1,T_3,92.86,1,2019-06-24 13:47:16
1105,2019-06-24 13:47:48.395599,4,273193,92.86,1,1,T_4,2,-1,T_3,92.86,1,2019-06-24 13:47:16
1106,2019-06-24 13:47:48.395599,4,273197,92.86,1,1,T_4,2,-1,T_3,92.86,1,2019-06-24 13:47:16
1107,2019-06-24 13:47:48.395599,4,273235,92.86,1,1,T_3,2,-1,T_3,92.86,1,2019-06-24 13:47:16
1108,2019-06-24 13:47:48.689868,1,273696,92.86999999999999,4,-1,T_1,2,-1,,,,
1109,2019-06-24 13:47:48.722222,4,273696,92.86,1,-1,T_1,2,-1,T_1,92.86,1,2019-06-24 13:47:49
1110,2019-06-24 13:47:48.722222,4,273696,92.86,1,-1,T_1,2,-1,T_1,92.86,1,2019-06-24 13:47:49
1111,2019-06-24 13:47:48.722222,4,273696,92.86,1,-1,T_1,2,-1,T_1,92.86,1,2019-06-24 13:47:49
1112,2019-06-24 13:47:48.722222,4,273696,92.86,1,-1,T_1,2,-1,T_1,92.86,1,2019-06-24 13:47:49
1113,2019-06-24 13:47:48.722222,4,273239,92.86,1,1,T_3,2,-1,T_3,92.86,1,2019-06-24 13:47:20
1114,2019-06-24 13:47:48.722222,4,273247,92.86,1,1,T_3,2,-1,T_3,92.86,1,2019-06-24 13:47:20
1115,2019-06-24 13:47:48.722222,4,273255,92.86,1,1,T_4,2,-1,T_3,92.86,1,2019-06-24 13:47:20
1116,2019-06-24 13:47:48.722222,4,273263,92.86,1,1,T_4,2,-1,T_3,92.86,1,2019-06-24 13:47:20
1117,2019-06-24 13:47:48.997799,1,273697,92.86999999999999,3,-1,T_1,2,-1,,,,
1118,2019-06-24 13:47:49.030069,4,273697,92.86,1,-1,T_1,2,-1,T_1,92.86,1,2019-06-24 13:47:49
1119,2019-06-24 13:47:49.030069,4,273697,92.86,1,-1,T_1,2,-1,T_1,92.86,1,2019-06-24 13:47:49
1120,2019-06-24 13:47:49.030069,4,273697,92.86,1,-1,T_1,2,-1,T_1,92.86,1,2019-06-24 13:47:49
1121,2019-06-24 13:47:49.030069,4,273267,92.86,1,1,T_4,2,-1,T_4,92.86,1,2019-06-24 13:47:21
1122,2019-06-24 13:47:49.030069,4,273310,92.86,1,1,T_3,2,-1,T_4,92.86,1,2019-06-24 13:47:21
1123,2019-06-24 13:47:49.030069,4,273314,92.86,1,1,T_3,2,-1,T_4,92.86,1,2019-06-24 13:47:21
1124,2019-06-24 13:47:49.237747,1,273698,92.86999999999999,3,-1,T_1,2,-1,,,,
1125,2019-06-24 13:47:49.268662,4,273698,92.86,1,-1,T_1,2,-1,T_1,92.86,1,2019-06-24 13:47:49
1126,2019-06-24 13:47:49.268662,4,273698,92.86,1,-1,T_1,2,-1,T_1,92.86,1,2019-06-24 13:47:49
1127,2019-06-24 13:47:49.268662,4,273698,92.86,1,-1,T_1,2,-1,T_1,92.86,1,2019-06-24 13:47:49
1128,2019-06-24 13:47:49.268662,4,273322,92.86,1,1,T_3,2,-1,T_3,92.86,1,2019-06-24 13:47:25
1129,2019-06-24 13:47:49.268662,4,273326,92.86,1,1,T_3,2,-1,T_3,92.86,1,2019-06-24 13:47:25
1130,2019-06-24 13:47:49.268662,4,273330,92.86,1,1,T_4,2,-1,T_3,92.86,1,2019-06-24 13:47:25
1131,2019-06-24 13:47:49.481239,1,273699,92.86999999999999,3,-1,T_1,2,-1,,,,
1132,2019-06-24 13:47:49.512527,4,273699,92.86,1,-1,T_1,2,-1,T_1,92.86,1,2019-06-24 13:47:49
1133,2019-06-24 13:47:49.512527,4,273699,92.86,1,-1,T_1,2,-1,T_1,92.86,1,2019-06-24 13:47:49
1134,2019-06-24 13:47:49.512527,4,273699,92.86,1,-1,T_1,2,-1,T_1,92.86,1,2019-06-24 13:47:49
1135,2019-06-24 13:47:49.512527,4,273334,92.86,1,1,T_4,2,-1,T_4,92.86,1,2019-06-24 13:47:25
1136,2019-06-24 13:47:49.512527,4,273338,92.86,1,1,T_4,2,-1,T_4,92.86,1,2019-06-24 13:47:25
1137,2019-06-24 13:47:49.512527,4,273342,92.86,1,1,T_4,2,-1,T_4,92.86,1,2019-06-24 13:47:25
1138,2019-06-24 13:47:49.718352,1,273700,93.51,13,1,T_2,2,-1,,,,
1139,2019-06-24 13:47:49.748671,4,273645,93.08,13,-1,T_2,2,-1,T_2,93.08,13,2019-06-24 13:47:45
1140,2019-06-24 13:47:49.748671,4,273700,93.08,13,1,T_2,2,-1,T_2,93.08,13,2019-06-24 13:47:50
1141,2019-06-24 13:47:49.825677,1,273701,92.86999999999999,2,-1,T_2,2,-1,,,,
1142,2019-06-24 13:47:49.855450,4,273701,92.86,1,-1,T_2,2,-1,T_2,92.86,1,2019-06-24 13:47:50
1143,2019-06-24 13:47:49.855450,4,273701,92.86,1,-1,T_2,2,-1,T_2,92.86,1,2019-06-24 13:47:50
1144,2019-06-24 13:47:49.855450,4,273364,92.86,1,1,T_3,2,-1,T_3,92.86,1,2019-06-24 13:47:27
1145,2019-06-24 13:47:49.855450,4,273368,92.86,1,1,T_3,2,-1,T_3,92.86,1,2019-06-24 13:47:27
1146,2019-06-24 13:47:49.996693,1,273702,92.86999999999999,2,-1,T_2,2,-1,,,,
1147,2019-06-24 13:47:50.029976,4,273702,92.86,1,-1,T_2,2,-1,T_2,92.86,1,2019-06-24 13:47:50
1148,2019-06-24 13:47:50.029976,4,273702,92.86,1,-1,T_2,2,-1,T_2,92.86,1,2019-06-24 13:47:50
1149,2019-06-24 13:47:50.029976,4,273376,92.86,1,1,T_3,2,-1,T_3,92.86,1,2019-06-24 13:47:28
1150,2019-06-24 13:47:50.029976,4,273384,92.86,1,1,T_4,2,-1,T_3,92.86,1,2019-06-24 13:47:28
1151,2019-06-24 13:47:50.185798,1,273703,93.08,1,-1,T_3,2,1,,,,
1152,2019-06-24 13:47:50.221399,1,273704,93.09,1,-1,T_3,2,2,,,,
1153,2019-06-24 13:47:50.255845,1,273705,93.5,1,-1,T_3,2,3,,,,
1154,2019-06-24 13:47:50.289079,1,273706,93.66999999999999,1,-1,T_3,2,4,,,,
1155,2019-06-24 13:47:50.330392,1,273707,93.0,1,1,T_3,2,1,,,,
1156,2019-06-24 13:47:50.365413,1,273708,92.88,1,1,T_3,2,2,,,,
1157,2019-06-24 13:47:50.400458,1,273709,92.75,1,1,T_3,2,3,,,,
1158,2019-06-24 13:47:50.435553,1,273710,92.5,1,1,T_3,2,4,,,,
1159,2019-06-24 13:47:50.474772,1,273711,93.0,1,1,T_3,2,1,,,,
1160,2019-06-24 13:47:50.508791,1,273712,92.88,1,1,T_3,2,2,,,,
1161,2019-06-24 13:47:50.545383,1,273713,92.75,1,1,T_3,2,3,,,,
1162,2019-06-24 13:47:50.578975,1,273714,92.5,1,1,T_3,2,4,,,,
1163,2019-06-24 13:47:50.619022,1,273715,93.08,1,-1,T_3,2,1,,,,
1164,2019-06-24 13:47:50.654809,1,273716,93.09,1,-1,T_3,2,2,,,,
1165,2019-06-24 13:47:50.690566,1,273717,93.5,1,-1,T_3,2,3,,,,
1166,2019-06-24 13:47:50.726108,1,273718,93.66999999999999,1,-1,T_3,2,4,,,,
1167,2019-06-24 13:47:50.986491,1,273719,93.08,1,-1,T_3,2,1,,,,
1168,2019-06-24 13:47:51.021518,1,273720,93.09,1,-1,T_3,2,2,,,,
1169,2019-06-24 13:47:51.056328,1,273721,93.5,1,-1,T_3,2,3,,,,
1170,2019-06-24 13:47:51.090621,1,273722,93.66999999999999,1,-1,T_3,2,4,,,,
1171,2019-06-24 13:47:51.133232,1,273723,93.08,1,-1,T_4,2,1,,,,
1172,2019-06-24 13:47:51.168051,1,273724,93.09,1,-1,T_4,2,2,,,,
1173,2019-06-24 13:47:51.202201,1,273725,93.5,1,-1,T_4,2,3,,,,
1174,2019-06-24 13:47:51.237523,1,273726,93.66999999999999,1,-1,T_4,2,4,,,,
1175,2019-06-24 13:47:51.278975,1,273727,93.08,1,-1,T_4,2,1,,,,
1176,2019-06-24 13:47:51.311917,1,273728,93.09,1,-1,T_4,2,2,,,,
1177,2019-06-24 13:47:51.346125,1,273729,93.5,1,-1,T_4,2,3,,,,
1178,2019-06-24 13:47:51.380162,1,273730,93.66999999999999,1,-1,T_4,2,4,,,,
1179,2019-06-24 13:47:51.420010,1,273731,93.0,1,1,T_4,2,1,,,,
1180,2019-06-24 13:47:51.453823,1,273732,92.88,1,1,T_4,2,2,,,,
1181,2019-06-24 13:47:51.488210,1,273733,92.75,1,1,T_4,2,3,,,,
1182,2019-06-24 13:47:51.522459,1,273734,92.5,1,1,T_4,2,4,,,,
1183,2019-06-24 13:47:51.573737,1,273735,93.51,13,1,T_5,2,-1,,,,
1184,2019-06-24 13:47:51.606821,4,273645,93.08,9,-1,T_2,2,-1,T_2,93.08,9,2019-06-24 13:47:45
1185,2019-06-24 13:47:51.606821,4,273646,93.08,4,-1,T_4,2,-1,T_2,93.08,9,2019-06-24 13:47:45
1186,2019-06-24 13:47:51.606821,4,273735,93.08,9,1,T_5,2,-1,T_5,93.08,9,2019-06-24 13:47:52
1187,2019-06-24 13:47:51.606821,4,273735,93.08,4,1,T_5,2,-1,T_5,93.08,4,2019-06-24 13:47:52
1188,2019-06-24 13:47:51.752145,1,273736,92.86999999999999,2,-1,T_5,2,-1,,,,
1189,2019-06-24 13:47:51.783426,4,273736,92.86,1,-1,T_5,2,-1,T_5,92.86,1,2019-06-24 13:47:52
1190,2019-06-24 13:47:51.783426,4,273736,92.86,1,-1,T_5,2,-1,T_5,92.86,1,2019-06-24 13:47:52
1191,2019-06-24 13:47:51.783426,4,273388,92.86,1,1,T_4,2,-1,T_4,92.86,1,2019-06-24 13:47:28
1192,2019-06-24 13:47:51.783426,4,273392,92.86,1,1,T_4,2,-1,T_4,92.86,1,2019-06-24 13:47:28
1193,2019-06-24 13:47:51.931465,1,273737,92.86999999999999,2,-1,T_5,2,-1,,,,
1194,2019-06-24 13:47:51.964679,4,273737,92.86,1,-1,T_5,2,-1,T_5,92.86,1,2019-06-24 13:47:52
1195,2019-06-24 13:47:51.964679,4,273737,92.86,1,-1,T_5,2,-1,T_5,92.86,1,2019-06-24 13:47:52
1196,2019-06-24 13:47:51.964679,4,273429,92.86,1,1,T_3,2,-1,T_3,92.86,1,2019-06-24 13:47:31
1197,2019-06-24 13:47:51.964679,4,273433,92.86,1,1,T_3,2,-1,T_3,92.86,1,2019-06-24 13:47:31
1198,2019-06-24 13:47:52.115943,1,273738,92.86999999999999,2,-1,T_5,2,-1,,,,
1199,2019-06-24 13:47:52.147566,4,273738,92.86,1,-1,T_5,2,-1,T_5,92.86,1,2019-06-24 13:47:52
1200,2019-06-24 13:47:52.147566,4,273738,92.86,1,-1,T_5,2,-1,T_5,92.86,1,2019-06-24 13:47:52
1201,2019-06-24 13:47:52.147566,4,273437,92.86,1,1,T_3,2,-1,T_3,92.86,1,2019-06-24 13:47:31
1202,2019-06-24 13:47:52.147566,4,273449,92.86,1,1,T_4,2,-1,T_3,92.86,1,2019-06-24 13:47:31
1203,2019-06-24 13:47:52.293026,1,273739,92.86999999999999,2,-1,T_5,2,-1,,,,
1204,2019-06-24 13:47:52.323408,4,273739,92.86,1,-1,T_5,2,-1,T_5,92.86,1,2019-06-24 13:47:52
1205,2019-06-24 13:47:52.323408,4,273739,92.86,1,-1,T_5,2,-1,T_5,92.86,1,2019-06-24 13:47:52
1206,2019-06-24 13:47:52.323408,4,273453,92.86,1,1,T_4,2,-1,T_4,92.86,1,2019-06-24 13:47:32
1207,2019-06-24 13:47:52.323408,4,273457,92.86,1,1,T_4,2,-1,T_4,92.86,1,2019-06-24 13:47:32
1208,2019-06-24 13:47:52.479078,1,273740,93.09,1,-1,T_7,2,2,,,,
1209,2019-06-24 13:47:52.551785,1,273741,93.08,30,-1,T_1,2,1,,,,
1210,2019-06-24 13:47:52.602622,1,273742,93.08,35,-1,T_5,2,1,,,,
1211,2019-06-24 13:47:52.702348,1,273743,93.07,30,-1,T_4,2,1,,,,
1212,2019-06-24 13:47:52.737954,1,273744,93.06,0,-1,T_8,2,-1,,,,
1213,2019-06-24 13:47:52.794213,1,273745,93.05,0,-1,T_8,2,-1,,,,
1214,2019-06-24 13:47:52.851092,1,273746,93.03999999999999,0,-1,T_8,2,-1,,,,
1215,2019-06-24 13:47:52.922258,1,273747,93.07,1,-1,T_7,2,1,,,,
1216,2019-06-24 13:47:52.995541,1,273748,93.07,32,-1,T_3,2,1,,,,
1217,2019-06-24 13:47:53.054511,2,273747,93.0,1,-1,T_7,2,-1,,,,
1218,2019-06-24 13:47:53.082434,1,273749,93.07,1,-1,T_8,2,1,,,,
1219,2019-06-24 13:47:53.157976,1,273750,93.07,26,-1,T_4,2,1,,,,
1220,2019-06-24 13:47:53.215992,2,273749,93.0,1,-1,T_8,2,-1,,,,
1221,2019-06-24 13:47:53.290625,2,273740,93.0,1,-1,T_7,2,-1,,,,
1222,2019-06-24 13:47:53.349115,2,273744,93.0,0,-1,T_8,2,-1,,,,
1223,2019-06-24 13:47:53.404487,2,273745,93.0,0,-1,T_8,2,-1,,,,
1224,2019-06-24 13:47:53.460554,2,273746,93.0,0,-1,T_8,2,-1,,,,
1225,2019-06-24 13:47:53.515795,2,273747,93.0,1,-1,T_7,2,-1,,,,
1226,2019-06-24 13:47:53.568891,2,273749,93.0,1,-1,T_8,2,-1,,,,
1227,2019-06-24 13:47:53.579987,1,273751,93.07,31,-1,T_5,2,1,,,,
1228,2019-06-24 13:47:53.614525,1,273752,93.07,28,-1,T_1,2,1,,,,
1229,2019-06-24 13:47:53.648703,1,273753,93.1,28,1,T_7,2,-1,,,,
1230,2019-06-24 13:47:53.700963,4,273743,93.07,28,-1,T_4,2,-1,T_4,93.07,28,2019-06-24 13:47:53
1231,2019-06-24 13:47:53.700963,4,273753,93.07,28,1,T_7,2,-1,T_7,93.07,28,2019-06-24 13:47:54
1232,2019-06-24 13:47:53.787307,1,273754,93.07,35,1,T_7,2,-1,,,,
1233,2019-06-24 13:47:53.836308,4,273743,93.07,2,-1,T_4,2,1,T_4,93.07,2,2019-06-24 13:47:53
1234,2019-06-24 13:47:53.836308,4,273748,93.07,32,-1,T_3,2,1,T_4,93.07,2,2019-06-24 13:47:53
1235,2019-06-24 13:47:53.836308,4,273750,93.07,1,-1,T_4,2,1,T_4,93.07,2,2019-06-24 13:47:53
1236,2019-06-24 13:47:53.836308,4,273754,93.07,2,1,T_7,2,-1,T_7,93.07,2,2019-06-24 13:47:54
1237,2019-06-24 13:47:53.836308,4,273754,93.07,32,1,T_7,2,-1,T_7,93.07,32,2019-06-24 13:47:54
1238,2019-06-24 13:47:53.836308,4,273754,93.07,1,1,T_7,2,-1,T_7,93.07,1,2019-06-24 13:47:54
1239,2019-06-24 13:47:54.033626,1,273755,93.07,35,-1,T_8,2,1,,,,
1240,2019-06-24 13:47:54.107981,1,273756,92.86999999999999,1,-1,T_1,2,-1,,,,
1241,2019-06-24 13:47:54.138022,4,273756,92.86,1,-1,T_1,2,-1,T_1,92.86,1,2019-06-24 13:47:54
1242,2019-06-24 13:47:54.138022,4,273489,92.86,1,1,T_4,2,-1,T_4,92.86,1,2019-06-24 13:47:34
1243,2019-06-24 13:47:54.211661,1,273757,92.86999999999999,1,-1,T_1,2,-1,,,,
1244,2019-06-24 13:47:54.241248,4,273757,92.86,1,-1,T_1,2,-1,T_1,92.86,1,2019-06-24 13:47:54
1245,2019-06-24 13:47:54.241248,4,273512,92.86,1,1,T_3,2,-1,T_3,92.86,1,2019-06-24 13:47:35
1246,2019-06-24 13:47:54.313734,1,273758,92.86999999999999,1,-1,T_1,2,-1,,,,
1247,2019-06-24 13:47:54.343059,4,273758,92.86,1,-1,T_1,2,-1,T_1,92.86,1,2019-06-24 13:47:54
1248,2019-06-24 13:47:54.343059,4,273516,92.86,1,1,T_3,2,-1,T_3,92.86,1,2019-06-24 13:47:35
1249,2019-06-24 13:47:54.417036,1,273759,92.86999999999999,1,-1,T_1,2,-1,,,,
1250,2019-06-24 13:47:54.447555,4,273759,92.86,1,-1,T_1,2,-1,T_1,92.86,1,2019-06-24 13:47:54
1251,2019-06-24 13:47:54.447555,4,273532,92.86,1,1,T_4,2,-1,T_4,92.86,1,2019-06-24 13:47:35
1252,2019-06-24 13:47:54.521514,1,273760,92.86999999999999,1,-1,T_1,2,-1,,,,
1253,2019-06-24 13:47:54.551427,4,273760,92.86,1,-1,T_1,2,-1,T_1,92.86,1,2019-06-24 13:47:55
1254,2019-06-24 13:47:54.551427,4,273549,92.86,1,1,T_3,2,-1,T_3,92.86,1,2019-06-24 13:47:37
1255,2019-06-24 13:47:54.637033,1,273761,93.10000000000001,23,1,T_2,2,-1,,,,
1256,2019-06-24 13:47:54.666702,4,273750,93.07,23,-1,T_4,2,-1,T_4,93.07,23,2019-06-24 13:47:53
1257,2019-06-24 13:47:54.666702,4,273761,93.07,23,1,T_2,2,-1,T_2,93.07,23,2019-06-24 13:47:55
1258,2019-06-24 13:47:54.748917,1,273762,92.86999999999999,1,-1,T_2,2,-1,,,,
1259,2019-06-24 13:47:54.780206,4,273762,92.86,1,-1,T_2,2,-1,T_2,92.86,1,2019-06-24 13:47:55
1260,2019-06-24 13:47:54.780206,4,273553,92.86,1,1,T_3,2,-1,T_3,92.86,1,2019-06-24 13:47:37
1261,2019-06-24 13:47:54.857722,1,273763,93.07,1,-1,T_3,2,1,,,,
1262,2019-06-24 13:47:54.891400,1,273764,93.08,1,-1,T_3,2,2,,,,
1263,2019-06-24 13:47:54.924189,1,273765,93.09,1,-1,T_3,2,3,,,,
1264,2019-06-24 13:47:54.957733,1,273766,93.5,1,-1,T_3,2,4,,,,
1265,2019-06-24 13:47:54.997662,1,273767,93.0,1,1,T_3,2,1,,,,
1266,2019-06-24 13:47:55.032155,1,273768,92.88,1,1,T_3,2,2,,,,
1267,2019-06-24 13:47:55.064656,1,273769,92.75,1,1,T_3,2,3,,,,
1268,2019-06-24 13:47:55.097263,1,273770,92.5,1,1,T_3,2,4,,,,
1269,2019-06-24 13:47:55.136856,1,273771,93.07,1,-1,T_3,2,1,,,,
1270,2019-06-24 13:47:55.171049,1,273772,93.08,1,-1,T_3,2,2,,,,
1271,2019-06-24 13:47:55.204733,1,273773,93.09,1,-1,T_3,2,3,,,,
1272,2019-06-24 13:47:55.238474,1,273774,93.5,1,-1,T_3,2,4,,,,
1273,2019-06-24 13:47:55.278692,1,273775,93.07,1,-1,T_3,2,1,,,,
1274,2019-06-24 13:47:55.311484,1,273776,93.08,1,-1,T_3,2,2,,,,
1275,2019-06-24 13:47:55.345959,1,273777,93.09,1,-1,T_3,2,3,,,,
1276,2019-06-24 13:47:55.379171,1,273778,93.5,1,-1,T_3,2,4,,,,
1277,2019-06-24 13:47:55.418462,1,273779,93.0,1,1,T_3,2,1,,,,
1278,2019-06-24 13:47:55.460782,1,273780,92.88,1,1,T_3,2,2,,,,
1279,2019-06-24 13:47:55.496202,1,273781,92.75,1,1,T_3,2,3,,,,
1280,2019-06-24 13:47:55.530176,1,273782,92.5,1,1,T_3,2,4,,,,
1281,2019-06-24 13:47:55.570847,1,273783,93.07,1,-1,T_4,2,1,,,,
1282,2019-06-24 13:47:55.611906,1,273784,93.08,1,-1,T_4,2,2,,,,
1283,2019-06-24 13:47:55.648694,1,273785,93.09,1,-1,T_4,2,3,,,,
1284,2019-06-24 13:47:55.684950,1,273786,93.5,1,-1,T_4,2,4,,,,
1285,2019-06-24 13:47:55.725115,1,273787,93.07,1,-1,T_4,2,1,,,,
1286,2019-06-24 13:47:55.760207,1,273788,93.08,1,-1,T_4,2,2,,,,
1287,2019-06-24 13:47:55.796135,1,273789,93.09,1,-1,T_4,2,3,,,,
1288,2019-06-24 13:47:55.830525,1,273790,93.5,1,-1,T_4,2,4,,,,
1289,2019-06-24 13:47:55.877142,1,273791,93.07,1,-1,T_4,2,1,,,,
1290,2019-06-24 13:47:55.910604,1,273792,93.08,1,-1,T_4,2,2,,,,
1291,2019-06-24 13:47:55.945243,1,273793,93.09,1,-1,T_4,2,3,,,,
1292,2019-06-24 13:47:55.979222,1,273794,93.5,1,-1,T_4,2,4,,,,
1293,2019-06-24 13:47:56.018688,1,273795,93.0,1,1,T_4,2,1,,,,
1294,2019-06-24 13:47:56.052254,1,273796,92.88,1,1,T_4,2,2,,,,
1295,2019-06-24 13:47:56.084431,1,273797,92.75,1,1,T_4,2,3,,,,
1296,2019-06-24 13:47:56.118747,1,273798,92.5,1,1,T_4,2,4,,,,
1297,2019-06-24 13:47:56.159953,1,273799,93.10000000000001,22,1,T_5,2,-1,,,,
1298,2019-06-24 13:47:56.190739,4,273750,93.07,2,-1,T_4,2,-1,T_4,93.07,2,2019-06-24 13:47:53
1299,2019-06-24 13:47:56.190739,4,273751,93.07,20,-1,T_5,2,-1,T_4,93.07,2,2019-06-24 13:47:53
1300,2019-06-24 13:47:56.190739,4,273799,93.07,2,1,T_5,2,-1,T_5,93.07,2,2019-06-24 13:47:56
1301,2019-06-24 13:47:56.190739,4,273799,93.07,20,1,T_5,2,-1,T_5,93.07,20,2019-06-24 13:47:56
1302,2019-06-24 13:47:56.346138,1,273800,92.86999999999999,1,-1,T_5,2,-1,,,,
1303,2019-06-24 13:47:56.377948,4,273800,92.86,1,-1,T_5,2,-1,T_5,92.86,1,2019-06-24 13:47:56
1304,2019-06-24 13:47:56.377948,4,273557,92.86,1,1,T_3,2,-1,T_3,92.86,1,2019-06-24 13:47:37
1305,2019-06-24 13:47:56.452807,1,273801,92.86999999999999,1,-1,T_5,2,-1,,,,
1306,2019-06-24 13:47:56.485954,4,273801,92.86,1,-1,T_5,2,-1,T_5,92.86,1,2019-06-24 13:47:56
1307,2019-06-24 13:47:56.485954,4,273589,92.86,1,1,T_3,2,-1,T_3,92.86,1,2019-06-24 13:47:38
1308,2019-06-24 13:47:56.577382,1,273802,92.86999999999999,1,-1,T_1,2,-1,,,,
1309,2019-06-24 13:47:56.606982,4,273802,92.86,1,-1,T_1,2,-1,T_1,92.86,1,2019-06-24 13:47:57
1310,2019-06-24 13:47:56.606982,4,273601,92.86,1,1,T_3,2,-1,T_3,92.86,1,2019-06-24 13:47:39
1311,2019-06-24 13:47:56.683679,1,273803,92.86999999999999,1,-1,T_1,2,-1,,,,
1312,2019-06-24 13:47:56.713847,4,273803,92.86,1,-1,T_1,2,-1,T_1,92.86,1,2019-06-24 13:47:57
1313,2019-06-24 13:47:56.713847,4,273613,92.86,1,1,T_4,2,-1,T_4,92.86,1,2019-06-24 13:47:39
1314,2019-06-24 13:47:56.789577,1,273804,92.86999999999999,1,-1,T_1,2,-1,,,,
1315,2019-06-24 13:47:56.818975,4,273804,92.86,1,-1,T_1,2,-1,T_1,92.86,1,2019-06-24 13:47:57
1316,2019-06-24 13:47:56.818975,4,273655,92.86,1,1,T_3,2,-1,T_3,92.86,1,2019-06-24 13:47:46
1317,2019-06-24 13:47:56.894350,1,273805,92.86999999999999,1,-1,T_1,2,-1,,,,
1318,2019-06-24 13:47:56.924237,4,273805,92.86,1,-1,T_1,2,-1,T_1,92.86,1,2019-06-24 13:47:57
