,timestamp,type,order_id,price,volume,direction,trader_id,stock_id,order_level,matched_order_trader_id,match_price,match_volume,match_timestamp
0,2019-04-03 05:37:06.765984,1,235518,93.9,1,1,T_1,2,1,,,,
1,2019-04-03 05:37:06.802299,1,235519,93.5,1,1,T_1,2,2,,,,
2,2019-04-03 05:37:06.835790,1,235520,93.0,1,1,T_1,2,3,,,,
3,2019-04-03 05:37:06.866719,1,235521,92.75,1,1,T_1,2,4,,,,
4,2019-04-03 05:37:06.899495,1,235522,92.5,1,1,T_1,2,5,,,,
5,2019-04-03 05:37:06.932112,1,235523,94.1,1,-1,T_1,2,1,,,,
6,2019-04-03 05:37:06.964222,1,235524,94.5,1,-1,T_1,2,2,,,,
7,2019-04-03 05:37:06.996071,1,235525,95.0,1,-1,T_1,2,3,,,,
8,2019-04-03 05:37:07.028367,1,235526,95.25,1,-1,T_1,2,4,,,,
9,2019-04-03 05:37:07.060373,1,235527,95.5,1,-1,T_1,2,5,,,,
10,2019-04-03 05:37:07.092184,1,235528,92.99,0,-1,T_1,2,-1,,,,
11,2019-04-03 05:37:07.125479,1,235529,92.99,0,-1,T_1,2,-1,,,,
12,2019-04-03 05:37:07.156536,1,235530,92.99,0,-1,T_1,2,-1,,,,
13,2019-04-03 05:37:07.188035,1,235531,92.99,0,-1,T_1,2,-1,,,,
14,2019-04-03 05:37:07.219755,1,235532,94.1,1,-1,T_2,2,1,,,,
15,2019-04-03 05:37:07.250830,1,235533,94.5,1,-1,T_2,2,2,,,,
16,2019-04-03 05:37:07.281535,1,235534,95.0,1,-1,T_2,2,3,,,,
17,2019-04-03 05:37:07.313774,1,235535,95.25,1,-1,T_2,2,4,,,,
18,2019-04-03 05:37:07.344324,1,235536,93.9,1,1,T_2,2,1,,,,
19,2019-04-03 05:37:07.377350,1,235537,93.5,1,1,T_2,2,2,,,,
20,2019-04-03 05:37:07.407561,1,235538,93.0,1,1,T_2,2,3,,,,
21,2019-04-03 05:37:07.437733,1,235539,92.75,1,1,T_2,2,4,,,,
22,2019-04-03 05:37:07.468420,1,235540,94.1,1,-1,T_2,2,1,,,,
23,2019-04-03 05:37:07.498395,1,235541,94.5,1,-1,T_2,2,2,,,,
24,2019-04-03 05:37:07.529233,1,235542,95.0,1,-1,T_2,2,3,,,,
25,2019-04-03 05:37:07.559610,1,235543,95.25,1,-1,T_2,2,4,,,,
26,2019-04-03 05:37:07.591546,1,235544,94.1,1,-1,T_2,2,1,,,,
27,2019-04-03 05:37:07.623005,1,235545,94.5,1,-1,T_2,2,2,,,,
28,2019-04-03 05:37:07.655235,1,235546,95.0,1,-1,T_2,2,3,,,,
29,2019-04-03 05:37:07.686859,1,235547,95.25,1,-1,T_2,2,4,,,,
30,2019-04-03 05:37:07.720122,1,235548,92.99,0,-1,T_3,2,-1,,,,
31,2019-04-03 05:37:07.752295,1,235549,92.99,0,-1,T_3,2,-1,,,,
32,2019-04-03 05:37:07.783813,1,235550,92.99,0,-1,T_3,2,-1,,,,
33,2019-04-03 05:37:07.815944,1,235551,92.99,0,-1,T_3,2,-1,,,,
34,2019-04-03 05:37:07.847215,1,235552,95.01,0,1,T_4,2,-1,,,,
35,2019-04-03 05:37:07.879069,1,235553,92.99,0,-1,T_4,2,-1,,,,
36,2019-04-03 05:37:07.910155,1,235554,92.99,0,-1,T_4,2,-1,,,,
37,2019-04-03 05:37:07.942679,1,235555,92.99,0,-1,T_4,2,-1,,,,
38,2019-04-03 05:37:07.974597,1,235556,92.99,0,-1,T_4,2,-1,,,,
39,2019-04-03 05:37:08.006351,1,235557,92.99,0,-1,T_5,2,-1,,,,
40,2019-04-03 05:37:08.043225,1,235558,92.99,0,-1,T_5,2,-1,,,,
41,2019-04-03 05:37:08.077184,1,235559,92.99,0,-1,T_5,2,-1,,,,
42,2019-04-03 05:37:08.110169,1,235560,92.99,0,-1,T_5,2,-1,,,,
43,2019-04-03 05:37:08.143416,1,235561,92.99,0,-1,T_5,2,-1,,,,
44,2019-04-03 05:37:08.181086,1,235562,92.99,0,-1,T_1,2,-1,,,,
45,2019-04-03 05:37:08.214215,1,235563,92.99,0,-1,T_1,2,-1,,,,
46,2019-04-03 05:37:08.246517,1,235564,95.01,0,1,T_1,2,-1,,,,
47,2019-04-03 05:37:08.279322,1,235565,92.99,0,-1,T_1,2,-1,,,,
48,2019-04-03 05:37:08.312297,1,235566,93.9,1,1,T_2,2,1,,,,
49,2019-04-03 05:37:08.343922,1,235567,93.5,1,1,T_2,2,2,,,,
50,2019-04-03 05:37:08.376843,1,235568,93.0,1,1,T_2,2,3,,,,
51,2019-04-03 05:37:08.409000,1,235569,92.75,1,1,T_2,2,4,,,,
52,2019-04-03 05:37:08.441166,1,235570,94.1,1,-1,T_2,2,1,,,,
53,2019-04-03 05:37:08.474221,1,235571,94.5,1,-1,T_2,2,2,,,,
54,2019-04-03 05:37:08.508047,1,235572,95.0,1,-1,T_2,2,3,,,,
55,2019-04-03 05:37:08.540554,1,235573,95.25,1,-1,T_2,2,4,,,,
56,2019-04-03 05:37:08.573526,1,235574,93.9,1,1,T_2,2,1,,,,
57,2019-04-03 05:37:08.606225,1,235575,93.5,1,1,T_2,2,2,,,,
58,2019-04-03 05:37:08.639331,1,235576,93.0,1,1,T_2,2,3,,,,
59,2019-04-03 05:37:08.671448,1,235577,92.75,1,1,T_2,2,4,,,,
60,2019-04-03 05:37:08.703756,1,235578,93.9,1,1,T_2,2,1,,,,
61,2019-04-03 05:37:08.735582,1,235579,93.5,1,1,T_2,2,2,,,,
62,2019-04-03 05:37:08.767110,1,235580,93.0,1,1,T_2,2,3,,,,
63,2019-04-03 05:37:08.799500,1,235581,92.75,1,1,T_2,2,4,,,,
64,2019-04-03 05:37:08.832221,1,235582,92.99,1,-1,T_3,2,-1,,,,
65,2019-04-03 05:37:08.864252,4,235582,92.99,1,-1,T_3,2,-1,T_3,92.99,1,2019-04-03 05:37:09
66,2019-04-03 05:37:08.864252,4,235518,92.99,1,1,T_1,2,-1,T_1,92.99,1,2019-04-03 05:37:07
67,2019-04-03 05:37:08.930896,1,235583,92.99,0,-1,T_3,2,-1,,,,
68,2019-04-03 05:37:08.964251,1,235584,92.99,0,-1,T_3,2,-1,,,,
69,2019-04-03 05:37:08.997454,1,235585,92.99,0,-1,T_3,2,-1,,,,
70,2019-04-03 05:37:09.031550,1,235586,92.99,0,-1,T_3,2,-1,,,,
71,2019-04-03 05:37:09.064500,1,235587,92.99,0,-1,T_4,2,-1,,,,
72,2019-04-03 05:37:09.098067,1,235588,92.99,0,-1,T_4,2,-1,,,,
73,2019-04-03 05:37:09.131742,1,235589,92.99,0,-1,T_4,2,-1,,,,
74,2019-04-03 05:37:09.372169,1,235590,92.99,0,-1,T_5,2,-1,,,,
75,2019-04-03 05:37:09.405759,1,235591,92.99,0,-1,T_5,2,-1,,,,
76,2019-04-03 05:37:09.439926,1,235592,92.99,0,-1,T_5,2,-1,,,,
77,2019-04-03 05:37:09.476957,1,235593,92.99,0,-1,T_1,2,-1,,,,
78,2019-04-03 05:37:09.511066,1,235594,92.99,0,-1,T_1,2,-1,,,,
79,2019-04-03 05:37:09.544622,1,235595,92.99,0,-1,T_1,2,-1,,,,
80,2019-04-03 05:37:09.577850,1,235596,94.1,1,-1,T_2,2,1,,,,
81,2019-04-03 05:37:09.610057,1,235597,94.5,1,-1,T_2,2,2,,,,
82,2019-04-03 05:37:09.642519,1,235598,95.0,1,-1,T_2,2,3,,,,
83,2019-04-03 05:37:09.674375,1,235599,95.25,1,-1,T_2,2,4,,,,
84,2019-04-03 05:37:09.707508,1,235600,93.9,1,1,T_2,2,1,,,,
85,2019-04-03 05:37:09.740856,1,235601,93.5,1,1,T_2,2,2,,,,
86,2019-04-03 05:37:09.773251,1,235602,93.0,1,1,T_2,2,3,,,,
87,2019-04-03 05:37:09.806164,1,235603,92.75,1,1,T_2,2,4,,,,
88,2019-04-03 05:37:09.838765,1,235604,93.9,1,1,T_2,2,1,,,,
89,2019-04-03 05:37:09.871679,1,235605,93.5,1,1,T_2,2,2,,,,
90,2019-04-03 05:37:09.904623,1,235606,93.0,1,1,T_2,2,3,,,,
91,2019-04-03 05:37:09.937833,1,235607,92.75,1,1,T_2,2,4,,,,
92,2019-04-03 05:37:09.972188,1,235608,94.1,1,-1,T_2,2,1,,,,
93,2019-04-03 05:37:10.008322,1,235609,94.5,1,-1,T_2,2,2,,,,
94,2019-04-03 05:37:10.048828,1,235610,95.0,1,-1,T_2,2,3,,,,
95,2019-04-03 05:37:10.080794,1,235611,95.25,1,-1,T_2,2,4,,,,
96,2019-04-03 05:37:10.113402,1,235612,92.99,1,-1,T_3,2,-1,,,,
97,2019-04-03 05:37:10.145167,4,235612,92.99,1,-1,T_3,2,-1,T_3,92.99,1,2019-04-03 05:37:10
98,2019-04-03 05:37:10.145167,4,235536,92.99,1,1,T_2,2,-1,T_2,92.99,1,2019-04-03 05:37:07
99,2019-04-03 05:37:10.208835,1,235613,92.99,1,-1,T_3,2,-1,,,,
100,2019-04-03 05:37:10.239875,4,235613,92.99,1,-1,T_3,2,-1,T_3,92.99,1,2019-04-03 05:37:10
101,2019-04-03 05:37:10.239875,4,235566,92.99,1,1,T_2,2,-1,T_2,92.99,1,2019-04-03 05:37:08
102,2019-04-03 05:37:10.303993,1,235614,92.99,1,-1,T_3,2,-1,,,,
103,2019-04-03 05:37:10.335035,4,235614,92.99,1,-1,T_3,2,-1,T_3,92.99,1,2019-04-03 05:37:10
104,2019-04-03 05:37:10.335035,4,235574,92.99,1,1,T_2,2,-1,T_2,92.99,1,2019-04-03 05:37:09
105,2019-04-03 05:37:10.400325,1,235615,92.99,1,-1,T_3,2,-1,,,,
106,2019-04-03 05:37:10.430706,4,235615,92.99,1,-1,T_3,2,-1,T_3,92.99,1,2019-04-03 05:37:10
107,2019-04-03 05:37:10.430706,4,235578,92.99,1,1,T_2,2,-1,T_2,92.99,1,2019-04-03 05:37:09
108,2019-04-03 05:37:10.495439,1,235616,92.99,0,-1,T_3,2,-1,,,,
109,2019-04-03 05:37:10.529157,1,235617,92.99,0,-1,T_4,2,-1,,,,
110,2019-04-03 05:37:10.573389,1,235618,92.99,0,-1,T_4,2,-1,,,,
111,2019-04-03 05:37:10.608672,1,235619,92.99,0,-1,T_4,2,-1,,,,
112,2019-04-03 05:37:10.642770,1,235620,92.99,0,-1,T_4,2,-1,,,,
113,2019-04-03 05:37:10.677174,1,235621,92.99,0,-1,T_5,2,-1,,,,
114,2019-04-03 05:37:10.710657,1,235622,92.99,0,-1,T_5,2,-1,,,,
115,2019-04-03 05:37:10.745123,1,235623,92.99,0,-1,T_5,2,-1,,,,
116,2019-04-03 05:37:10.777867,1,235624,92.99,0,-1,T_5,2,-1,,,,
117,2019-04-03 05:37:10.811630,1,235625,92.99,0,-1,T_5,2,-1,,,,
118,2019-04-03 05:37:10.851234,1,235626,92.99,0,-1,T_1,2,-1,,,,
119,2019-04-03 05:37:10.884646,1,235627,92.99,0,-1,T_1,2,-1,,,,
120,2019-04-03 05:37:10.926783,1,235628,92.99,0,-1,T_1,2,-1,,,,
121,2019-04-03 05:37:10.962068,1,235629,94.1,1,-1,T_2,2,1,,,,
122,2019-04-03 05:37:10.995961,1,235630,94.5,1,-1,T_2,2,2,,,,
123,2019-04-03 05:37:11.038283,1,235631,95.0,1,-1,T_2,2,3,,,,
124,2019-04-03 05:37:11.071112,1,235632,95.25,1,-1,T_2,2,4,,,,
125,2019-04-03 05:37:11.108273,1,235633,93.9,1,1,T_2,2,1,,,,
126,2019-04-03 05:37:11.143737,1,235634,93.5,1,1,T_2,2,2,,,,
127,2019-04-03 05:37:11.175809,1,235635,93.0,1,1,T_2,2,3,,,,
128,2019-04-03 05:37:11.208683,1,235636,92.75,1,1,T_2,2,4,,,,
129,2019-04-03 05:37:11.241342,1,235637,93.9,1,1,T_2,2,1,,,,
130,2019-04-03 05:37:11.275019,1,235638,93.5,1,1,T_2,2,2,,,,
131,2019-04-03 05:37:11.307323,1,235639,93.0,1,1,T_2,2,3,,,,
132,2019-04-03 05:37:11.340589,1,235640,92.75,1,1,T_2,2,4,,,,
133,2019-04-03 05:37:11.374062,1,235641,93.9,1,1,T_2,2,1,,,,
134,2019-04-03 05:37:11.407970,1,235642,93.5,1,1,T_2,2,2,,,,
135,2019-04-03 05:37:11.441869,1,235643,93.0,1,1,T_2,2,3,,,,
136,2019-04-03 05:37:11.474605,1,235644,92.75,1,1,T_2,2,4,,,,
137,2019-04-03 05:37:11.508267,1,235645,92.99,1,-1,T_3,2,-1,,,,
138,2019-04-03 05:37:11.540196,4,235645,92.99,1,-1,T_3,2,-1,T_3,92.99,1,2019-04-03 05:37:12
139,2019-04-03 05:37:11.540196,4,235600,92.99,1,1,T_2,2,-1,T_2,92.99,1,2019-04-03 05:37:10
140,2019-04-03 05:37:11.603583,1,235646,92.99,1,-1,T_3,2,-1,,,,
141,2019-04-03 05:37:11.636331,4,235646,92.99,1,-1,T_3,2,-1,T_3,92.99,1,2019-04-03 05:37:12
142,2019-04-03 05:37:11.636331,4,235604,92.99,1,1,T_2,2,-1,T_2,92.99,1,2019-04-03 05:37:10
143,2019-04-03 05:37:11.701605,1,235647,92.99,1,-1,T_3,2,-1,,,,
144,2019-04-03 05:37:11.732628,4,235647,92.99,1,-1,T_3,2,-1,T_3,92.99,1,2019-04-03 05:37:12
145,2019-04-03 05:37:11.732628,4,235633,92.99,1,1,T_2,2,-1,T_2,92.99,1,2019-04-03 05:37:11
146,2019-04-03 05:37:11.797304,1,235648,92.99,1,-1,T_3,2,-1,,,,
147,2019-04-03 05:37:11.829802,4,235648,92.99,1,-1,T_3,2,-1,T_3,92.99,1,2019-04-03 05:37:12
148,2019-04-03 05:37:11.829802,4,235637,92.99,1,1,T_2,2,-1,T_2,92.99,1,2019-04-03 05:37:11
149,2019-04-03 05:37:11.893585,1,235649,92.99,1,-1,T_3,2,-1,,,,
150,2019-04-03 05:37:11.927443,4,235649,92.99,1,-1,T_3,2,-1,T_3,92.99,1,2019-04-03 05:37:12
151,2019-04-03 05:37:11.927443,4,235641,92.99,1,1,T_2,2,-1,T_2,92.99,1,2019-04-03 05:37:11
152,2019-04-03 05:37:11.992802,1,235650,92.99,1,-1,T_4,2,-1,,,,
153,2019-04-03 05:37:12.025598,4,235650,92.99,1,-1,T_4,2,-1,T_4,92.99,1,2019-04-03 05:37:12
154,2019-04-03 05:37:12.025598,4,235519,92.99,1,1,T_1,2,-1,T_1,92.99,1,2019-04-03 05:37:07
155,2019-04-03 05:37:12.090869,1,235651,92.99,0,-1,T_4,2,-1,,,,
156,2019-04-03 05:37:12.133666,1,235652,92.99,0,-1,T_4,2,-1,,,,
157,2019-04-03 05:37:12.167373,1,235653,92.99,0,-1,T_4,2,-1,,,,
158,2019-04-03 05:37:12.201630,1,235654,92.99,0,-1,T_4,2,-1,,,,
159,2019-04-03 05:37:12.237084,1,235655,92.99,0,-1,T_5,2,-1,,,,
160,2019-04-03 05:37:12.270797,1,235656,92.99,0,-1,T_5,2,-1,,,,
161,2019-04-03 05:37:12.304804,1,235657,92.99,0,-1,T_5,2,-1,,,,
162,2019-04-03 05:37:12.338354,1,235658,92.99,0,-1,T_5,2,-1,,,,
163,2019-04-03 05:37:12.377062,1,235659,93.6,3,1,T_7,2,1,,,,
164,2019-04-03 05:37:12.414495,1,235660,93.6,1,1,T_5,2,1,,,,
165,2019-04-03 05:37:12.446179,1,235661,94.1,1,-1,T_5,2,1,,,,
166,2019-04-03 05:37:12.489681,1,235662,94.1,1,1,T_7,2,-1,,,,
167,2019-04-03 05:37:12.522178,4,235523,94.1,1,-1,T_1,2,1,T_1,94.1,1,2019-04-03 05:37:07
168,2019-04-03 05:37:12.522178,4,235662,94.1,1,1,T_7,2,-1,T_7,94.1,1,2019-04-03 05:37:12
169,2019-04-03 05:37:12.588952,1,235663,94.1,1,1,T_5,2,-1,,,,
170,2019-04-03 05:37:12.620408,4,235532,94.1,1,-1,T_2,2,1,T_2,94.1,1,2019-04-03 05:37:07
171,2019-04-03 05:37:12.620408,4,235663,94.1,1,1,T_5,2,-1,T_5,94.1,1,2019-04-03 05:37:13
172,2019-04-03 05:37:12.685786,1,235664,94.19999999999999,1,1,T_2,2,-1,,,,
173,2019-04-03 05:37:12.716994,4,235540,94.1,1,-1,T_2,2,-1,T_2,94.1,1,2019-04-03 05:37:07
174,2019-04-03 05:37:12.716994,4,235664,94.1,1,1,T_2,2,-1,T_2,94.1,1,2019-04-03 05:37:13
175,2019-04-03 05:37:12.787566,1,235665,93.6,3,-1,T_7,2,-1,,,,
176,2019-04-03 05:37:12.820549,4,235665,93.6,3,-1,T_7,2,-1,T_7,93.6,3,2019-04-03 05:37:13
177,2019-04-03 05:37:12.820549,4,235659,93.6,3,1,T_7,2,1,T_7,93.6,3,2019-04-03 05:37:12
178,2019-04-03 05:37:12.891186,1,235666,94.1,1,1,T_7,2,-1,,,,
179,2019-04-03 05:37:12.922348,4,235544,94.1,1,-1,T_2,2,1,T_2,94.1,1,2019-04-03 05:37:08
180,2019-04-03 05:37:12.922348,4,235666,94.1,1,1,T_7,2,-1,T_7,94.1,1,2019-04-03 05:37:13
181,2019-04-03 05:37:12.986221,1,235667,94.1,1,-1,T_8,2,1,,,,
182,2019-04-03 05:37:13.025720,1,235668,92.99,1,-1,T_1,2,-1,,,,
183,2019-04-03 05:37:13.057628,4,235668,92.99,1,-1,T_1,2,-1,T_1,92.99,1,2019-04-03 05:37:13
184,2019-04-03 05:37:13.057628,4,235660,92.99,1,1,T_5,2,-1,T_5,92.99,1,2019-04-03 05:37:12
185,2019-04-03 05:37:13.122502,1,235669,92.99,0,-1,T_1,2,-1,,,,
186,2019-04-03 05:37:13.157102,1,235670,92.99,0,-1,T_1,2,-1,,,,
187,2019-04-03 05:37:13.191602,1,235671,92.99,0,-1,T_1,2,-1,,,,
188,2019-04-03 05:37:13.431781,1,235672,92.99,0,-1,T_1,2,-1,,,,
189,2019-04-03 05:37:13.466372,1,235673,93.5,1,1,T_2,2,1,,,,
190,2019-04-03 05:37:13.500086,1,235674,93.0,1,1,T_2,2,2,,,,
191,2019-04-03 05:37:13.533018,1,235675,92.75,1,1,T_2,2,3,,,,
192,2019-04-03 05:37:13.565865,1,235676,92.5,1,1,T_2,2,4,,,,
193,2019-04-03 05:37:13.600784,1,235677,94.1,1,-1,T_2,2,1,,,,
194,2019-04-03 05:37:13.632393,1,235678,94.5,1,-1,T_2,2,2,,,,
195,2019-04-03 05:37:13.666842,1,235679,95.0,1,-1,T_2,2,3,,,,
196,2019-04-03 05:37:13.699946,1,235680,95.25,1,-1,T_2,2,4,,,,
197,2019-04-03 05:37:13.734132,1,235681,93.5,1,1,T_2,2,1,,,,
198,2019-04-03 05:37:13.767456,1,235682,93.0,1,1,T_2,2,2,,,,
199,2019-04-03 05:37:13.798941,1,235683,92.75,1,1,T_2,2,3,,,,
200,2019-04-03 05:37:13.832103,1,235684,92.5,1,1,T_2,2,4,,,,
201,2019-04-03 05:37:13.864921,1,235685,94.1,1,-1,T_2,2,1,,,,
202,2019-04-03 05:37:13.897578,1,235686,94.5,1,-1,T_2,2,2,,,,
203,2019-04-03 05:37:13.929611,1,235687,95.0,1,-1,T_2,2,3,,,,
204,2019-04-03 05:37:13.962578,1,235688,95.25,1,-1,T_2,2,4,,,,
205,2019-04-03 05:37:13.996663,1,235689,92.99,1,-1,T_3,2,-1,,,,
206,2019-04-03 05:37:14.029396,4,235689,92.99,1,-1,T_3,2,-1,T_3,92.99,1,2019-04-03 05:37:14
207,2019-04-03 05:37:14.029396,4,235537,92.99,1,1,T_2,2,-1,T_2,92.99,1,2019-04-03 05:37:07
208,2019-04-03 05:37:14.094160,1,235690,92.99,1,-1,T_3,2,-1,,,,
209,2019-04-03 05:37:14.124879,4,235690,92.99,1,-1,T_3,2,-1,T_3,92.99,1,2019-04-03 05:37:14
210,2019-04-03 05:37:14.124879,4,235567,92.99,1,1,T_2,2,-1,T_2,92.99,1,2019-04-03 05:37:08
211,2019-04-03 05:37:14.192053,1,235691,92.99,0,-1,T_3,2,-1,,,,
212,2019-04-03 05:37:14.226407,1,235692,92.99,0,-1,T_3,2,-1,,,,
213,2019-04-03 05:37:14.259495,1,235693,92.99,0,-1,T_4,2,-1,,,,
214,2019-04-03 05:37:14.293526,1,235694,95.01,1,1,T_4,2,-1,,,,
215,2019-04-03 05:37:14.324399,4,235570,94.1,1,-1,T_2,2,-1,T_2,94.1,1,2019-04-03 05:37:08
216,2019-04-03 05:37:14.324399,4,235694,94.1,1,1,T_4,2,-1,T_4,94.1,1,2019-04-03 05:37:14
217,2019-04-03 05:37:14.392219,1,235695,92.99,0,-1,T_4,2,-1,,,,
218,2019-04-03 05:37:14.428691,1,235696,92.99,0,-1,T_5,2,-1,,,,
219,2019-04-03 05:37:14.463646,1,235697,95.01,1,1,T_5,2,-1,,,,
220,2019-04-03 05:37:14.496317,4,235596,94.1,1,-1,T_2,2,-1,T_2,94.1,1,2019-04-03 05:37:10
221,2019-04-03 05:37:14.496317,4,235697,94.1,1,1,T_5,2,-1,T_5,94.1,1,2019-04-03 05:37:14
222,2019-04-03 05:37:14.563056,1,235698,92.99,0,-1,T_5,2,-1,,,,
223,2019-04-03 05:37:14.601850,1,235699,93.6,3,1,T_8,2,1,,,,
224,2019-04-03 05:37:14.640972,1,235700,93.6,1,1,T_4,2,1,,,,
225,2019-04-03 05:37:14.673268,1,235701,94.1,1,-1,T_2,2,1,,,,
226,2019-04-03 05:37:14.711849,1,235702,94.1,1,1,T_8,2,-1,,,,
227,2019-04-03 05:37:14.742559,4,235608,94.1,1,-1,T_2,2,1,T_2,94.1,1,2019-04-03 05:37:10
228,2019-04-03 05:37:14.742559,4,235702,94.1,1,1,T_8,2,-1,T_8,94.1,1,2019-04-03 05:37:15
229,2019-04-03 05:37:14.809813,1,235703,94.1,1,1,T_2,2,-1,,,,
230,2019-04-03 05:37:14.841349,4,235629,94.1,1,-1,T_2,2,1,T_2,94.1,1,2019-04-03 05:37:11
231,2019-04-03 05:37:14.841349,4,235703,94.1,1,1,T_2,2,-1,T_2,94.1,1,2019-04-03 05:37:15
232,2019-04-03 05:37:14.905497,1,235704,94.19999999999999,1,1,T_2,2,-1,,,,
233,2019-04-03 05:37:14.937795,4,235661,94.1,1,-1,T_5,2,-1,T_5,94.1,1,2019-04-03 05:37:12
234,2019-04-03 05:37:14.937795,4,235704,94.1,1,1,T_2,2,-1,T_2,94.1,1,2019-04-03 05:37:15
235,2019-04-03 05:37:15.008905,1,235705,93.6,3,-1,T_7,2,-1,,,,
236,2019-04-03 05:37:15.041462,4,235705,93.6,3,-1,T_7,2,-1,T_7,93.6,3,2019-04-03 05:37:15
237,2019-04-03 05:37:15.041462,4,235699,93.6,3,1,T_8,2,1,T_8,93.6,3,2019-04-03 05:37:15
238,2019-04-03 05:37:15.111546,1,235706,93.69,0,-1,T_7,2,-1,,,,
239,2019-04-03 05:37:15.171940,1,235707,94.1,1,-1,T_3,2,1,,,,
240,2019-04-03 05:37:15.210541,1,235708,94.1,0,-1,T_7,2,1,,,,
241,2019-04-03 05:37:15.270093,1,235709,94.1,1,-1,T_1,2,1,,,,
242,2019-04-03 05:37:15.327550,2,235708,94.0,0,-1,T_7,2,-1,,,,
243,2019-04-03 05:37:15.343205,1,235710,94.1,0,-1,T_7,2,1,,,,
244,2019-04-03 05:37:15.400855,1,235711,94.1,1,-1,T_4,2,1,,,,
245,2019-04-03 05:37:15.457885,2,235710,94.0,0,-1,T_7,2,-1,,,,
246,2019-04-03 05:37:15.514354,2,235706,94.0,0,-1,T_7,2,-1,,,,
247,2019-04-03 05:37:15.567783,2,235708,94.0,0,-1,T_7,2,-1,,,,
248,2019-04-03 05:37:15.619549,2,235710,94.0,0,-1,T_7,2,-1,,,,
249,2019-04-03 05:37:15.628403,1,235712,94.1,1,-1,T_4,2,1,,,,
250,2019-04-03 05:37:15.661800,1,235713,94.1,1,-1,T_3,2,1,,,,
251,2019-04-03 05:37:15.694534,1,235714,93.69999999999999,1,1,T_7,2,1,,,,
252,2019-04-03 05:37:15.754776,1,235715,93.49,0,-1,T_1,2,-1,,,,
253,2019-04-03 05:37:15.789637,1,235716,93.49,0,-1,T_1,2,-1,,,,
254,2019-04-03 05:37:15.824804,1,235717,93.49,0,-1,T_1,2,-1,,,,
255,2019-04-03 05:37:15.859767,1,235718,93.49,0,-1,T_1,2,-1,,,,
256,2019-04-03 05:37:15.893831,1,235719,93.49,0,-1,T_1,2,-1,,,,
257,2019-04-03 05:37:15.927310,1,235720,94.1,1,-1,T_2,2,1,,,,
258,2019-04-03 05:37:15.960551,1,235721,94.5,1,-1,T_2,2,2,,,,
259,2019-04-03 05:37:15.993099,1,235722,95.0,1,-1,T_2,2,3,,,,
260,2019-04-03 05:37:16.025694,1,235723,95.25,1,-1,T_2,2,4,,,,
261,2019-04-03 05:37:16.059218,1,235724,93.69999999999999,1,1,T_2,2,1,,,,
262,2019-04-03 05:37:16.092938,1,235725,93.6,1,1,T_2,2,2,,,,
263,2019-04-03 05:37:16.126407,1,235726,93.5,1,1,T_2,2,3,,,,
264,2019-04-03 05:37:16.160487,1,235727,93.0,1,1,T_2,2,4,,,,
265,2019-04-03 05:37:16.195070,1,235728,93.69999999999999,1,1,T_2,2,1,,,,
266,2019-04-03 05:37:16.228086,1,235729,93.6,1,1,T_2,2,2,,,,
267,2019-04-03 05:37:16.261782,1,235730,93.5,1,1,T_2,2,3,,,,
268,2019-04-03 05:37:16.295591,1,235731,93.0,1,1,T_2,2,4,,,,
269,2019-04-03 05:37:16.330124,1,235732,94.1,1,-1,T_2,2,1,,,,
270,2019-04-03 05:37:16.365837,1,235733,94.5,1,-1,T_2,2,2,,,,
271,2019-04-03 05:37:16.398286,1,235734,95.0,1,-1,T_2,2,3,,,,
272,2019-04-03 05:37:16.432605,1,235735,95.25,1,-1,T_2,2,4,,,,
273,2019-04-03 05:37:16.672987,1,235736,94.1,1,-1,T_2,2,1,,,,
274,2019-04-03 05:37:16.705961,1,235737,94.5,1,-1,T_2,2,2,,,,
275,2019-04-03 05:37:16.739030,1,235738,95.0,1,-1,T_2,2,3,,,,
276,2019-04-03 05:37:16.775876,1,235739,95.25,1,-1,T_2,2,4,,,,
277,2019-04-03 05:37:16.810462,1,235740,93.49,0,-1,T_3,2,-1,,,,
278,2019-04-03 05:37:16.844862,1,235741,95.01,2,1,T_3,2,-1,,,,
279,2019-04-03 05:37:16.876407,4,235667,94.1,1,-1,T_8,2,-1,T_8,94.1,1,2019-04-03 05:37:13
280,2019-04-03 05:37:16.876407,4,235677,94.1,1,-1,T_2,2,-1,T_8,94.1,1,2019-04-03 05:37:13
281,2019-04-03 05:37:16.876407,4,235741,94.1,1,1,T_3,2,-1,T_3,94.1,1,2019-04-03 05:37:17
282,2019-04-03 05:37:16.876407,4,235741,94.1,1,1,T_3,2,-1,T_3,94.1,1,2019-04-03 05:37:17
283,2019-04-03 05:37:17.012138,1,235742,93.49,0,-1,T_3,2,-1,,,,
284,2019-04-03 05:37:17.048875,1,235743,93.49,0,-1,T_3,2,-1,,,,
285,2019-04-03 05:37:17.084292,1,235744,93.49,0,-1,T_4,2,-1,,,,
286,2019-04-03 05:37:17.119441,1,235745,93.49,0,-1,T_4,2,-1,,,,
287,2019-04-03 05:37:17.156929,1,235746,93.49,0,-1,T_4,2,-1,,,,
288,2019-04-03 05:37:17.192957,1,235747,93.49,0,-1,T_4,2,-1,,,,
289,2019-04-03 05:37:17.229122,1,235748,93.49,0,-1,T_4,2,-1,,,,
290,2019-04-03 05:37:17.267901,1,235749,93.49,0,-1,T_5,2,-1,,,,
291,2019-04-03 05:37:17.302397,1,235750,93.49,0,-1,T_5,2,-1,,,,
292,2019-04-03 05:37:17.338149,1,235751,93.49,0,-1,T_5,2,-1,,,,
293,2019-04-03 05:37:17.377710,1,235752,93.78999999999999,0,-1,T_7,2,-1,,,,
294,2019-04-03 05:37:17.434962,1,235753,94.1,1,-1,T_3,2,1,,,,
295,2019-04-03 05:37:17.475140,1,235754,94.1,0,-1,T_7,2,1,,,,
296,2019-04-03 05:37:17.534439,1,235755,94.1,1,-1,T_3,2,1,,,,
297,2019-04-03 05:37:17.591823,2,235754,94.0,0,-1,T_7,2,-1,,,,
298,2019-04-03 05:37:17.607310,1,235756,94.1,0,-1,T_7,2,1,,,,
299,2019-04-03 05:37:17.668735,1,235757,94.1,1,-1,T_4,2,1,,,,
300,2019-04-03 05:37:17.723733,2,235756,94.0,0,-1,T_7,2,-1,,,,
301,2019-04-03 05:37:17.784471,2,235752,94.0,0,-1,T_7,2,-1,,,,
302,2019-04-03 05:37:17.836702,2,235754,94.0,0,-1,T_7,2,-1,,,,
303,2019-04-03 05:37:17.888974,2,235756,94.0,0,-1,T_7,2,-1,,,,
304,2019-04-03 05:37:17.898106,1,235758,94.1,1,-1,T_1,2,1,,,,
305,2019-04-03 05:37:17.931658,1,235759,94.1,1,-1,T_2,2,1,,,,
306,2019-04-03 05:37:17.965459,1,235760,93.79999999999998,1,1,T_7,2,1,,,,
307,2019-04-03 05:37:18.026993,1,235761,93.58999999999999,0,-1,T_1,2,-1,,,,
308,2019-04-03 05:37:18.061678,1,235762,93.58999999999999,0,-1,T_1,2,-1,,,,
309,2019-04-03 05:37:18.097385,1,235763,93.58999999999999,0,-1,T_1,2,-1,,,,
310,2019-04-03 05:37:18.133039,1,235764,93.58999999999999,0,-1,T_1,2,-1,,,,
311,2019-04-03 05:37:18.169331,1,235765,93.79999999999998,1,1,T_2,2,1,,,,
312,2019-04-03 05:37:18.202810,1,235766,93.69999999999999,1,1,T_2,2,2,,,,
313,2019-04-03 05:37:18.236428,1,235767,93.6,1,1,T_2,2,3,,,,
314,2019-04-03 05:37:18.271026,1,235768,93.5,1,1,T_2,2,4,,,,
315,2019-04-03 05:37:18.305585,1,235769,93.79999999999998,1,1,T_2,2,1,,,,
316,2019-04-03 05:37:18.338889,1,235770,93.69999999999999,1,1,T_2,2,2,,,,
317,2019-04-03 05:37:18.373706,1,235771,93.6,1,1,T_2,2,3,,,,
318,2019-04-03 05:37:18.407346,1,235772,93.5,1,1,T_2,2,4,,,,
319,2019-04-03 05:37:18.444220,1,235773,93.79999999999998,1,1,T_2,2,1,,,,
320,2019-04-03 05:37:18.477410,1,235774,93.69999999999999,1,1,T_2,2,2,,,,
321,2019-04-03 05:37:18.510113,1,235775,93.6,1,1,T_2,2,3,,,,
322,2019-04-03 05:37:18.543753,1,235776,93.5,1,1,T_2,2,4,,,,
323,2019-04-03 05:37:18.578309,1,235777,93.79999999999998,1,1,T_2,2,1,,,,
324,2019-04-03 05:37:18.611343,1,235778,93.69999999999999,1,1,T_2,2,2,,,,
325,2019-04-03 05:37:18.643908,1,235779,93.6,1,1,T_2,2,3,,,,
326,2019-04-03 05:37:18.677433,1,235780,93.5,1,1,T_2,2,4,,,,
327,2019-04-03 05:37:18.712992,1,235781,93.58999999999999,1,-1,T_3,2,-1,,,,
328,2019-04-03 05:37:18.746628,4,235781,93.58,1,-1,T_3,2,-1,T_3,93.58,1,2019-04-03 05:37:19
329,2019-04-03 05:37:18.746628,4,235760,93.58,1,1,T_7,2,-1,T_7,93.58,1,2019-04-03 05:37:18
330,2019-04-03 05:37:18.818037,1,235782,93.58999999999999,1,-1,T_3,2,-1,,,,
331,2019-04-03 05:37:18.850581,4,235782,93.58,1,-1,T_3,2,-1,T_3,93.58,1,2019-04-03 05:37:19
332,2019-04-03 05:37:18.850581,4,235765,93.58,1,1,T_2,2,-1,T_2,93.58,1,2019-04-03 05:37:18
333,2019-04-03 05:37:18.925194,1,235783,93.58999999999999,1,-1,T_3,2,-1,,,,
334,2019-04-03 05:37:18.957713,4,235783,93.58,1,-1,T_3,2,-1,T_3,93.58,1,2019-04-03 05:37:19
335,2019-04-03 05:37:18.957713,4,235769,93.58,1,1,T_2,2,-1,T_2,93.58,1,2019-04-03 05:37:18
336,2019-04-03 05:37:19.028837,1,235784,93.58999999999999,0,-1,T_4,2,-1,,,,
337,2019-04-03 05:37:19.064811,1,235785,93.58999999999999,0,-1,T_4,2,-1,,,,
338,2019-04-03 05:37:19.100615,1,235786,93.58999999999999,0,-1,T_4,2,-1,,,,
339,2019-04-03 05:37:19.135317,1,235787,93.58999999999999,0,-1,T_4,2,-1,,,,
340,2019-04-03 05:37:19.171892,1,235788,93.58999999999999,0,-1,T_4,2,-1,,,,
341,2019-04-03 05:37:19.207066,1,235789,93.58999999999999,0,-1,T_5,2,-1,,,,
342,2019-04-03 05:37:19.243346,1,235790,93.58999999999999,0,-1,T_5,2,-1,,,,
343,2019-04-03 05:37:19.277786,1,235791,93.58999999999999,0,-1,T_5,2,-1,,,,
344,2019-04-03 05:37:19.314552,1,235792,93.58999999999999,0,-1,T_5,2,-1,,,,
345,2019-04-03 05:37:19.349777,1,235793,93.58999999999999,0,-1,T_5,2,-1,,,,
346,2019-04-03 05:37:19.390692,1,235794,93.89999999999998,3,1,T_7,2,1,,,,
347,2019-04-03 05:37:19.430139,1,235795,93.89999999999998,1,1,T_5,2,1,,,,
348,2019-04-03 05:37:19.466259,1,235796,94.1,1,-1,T_4,2,1,,,,
349,2019-04-03 05:37:19.506854,1,235797,94.1,1,1,T_8,2,-1,,,,
350,2019-04-03 05:37:19.538076,4,235685,94.1,1,-1,T_2,2,1,T_2,94.1,1,2019-04-03 05:37:14
351,2019-04-03 05:37:19.538076,4,235797,94.1,1,1,T_8,2,-1,T_8,94.1,1,2019-04-03 05:37:20
352,2019-04-03 05:37:19.807909,1,235798,94.1,1,1,T_4,2,-1,,,,
353,2019-04-03 05:37:19.838771,4,235701,94.1,1,-1,T_2,2,1,T_2,94.1,1,2019-04-03 05:37:15
354,2019-04-03 05:37:19.838771,4,235798,94.1,1,1,T_4,2,-1,T_4,94.1,1,2019-04-03 05:37:20
355,2019-04-03 05:37:20.110494,1,235799,94.19999999999999,1,1,T_4,2,-1,,,,
356,2019-04-03 05:37:20.141554,4,235707,94.1,1,-1,T_3,2,-1,T_3,94.1,1,2019-04-03 05:37:15
357,2019-04-03 05:37:20.141554,4,235799,94.1,1,1,T_4,2,-1,T_4,94.1,1,2019-04-03 05:37:20
358,2019-04-03 05:37:20.217837,1,235800,93.89999999999998,3,-1,T_8,2,-1,,,,
359,2019-04-03 05:37:20.250536,4,235800,93.89,3,-1,T_8,2,-1,T_8,93.89,3,2019-04-03 05:37:20
360,2019-04-03 05:37:20.250536,4,235794,93.89,3,1,T_7,2,1,T_7,93.89,3,2019-04-03 05:37:19
361,2019-04-03 05:37:20.327647,1,235801,93.68999999999998,0,-1,T_1,2,-1,,,,
362,2019-04-03 05:37:20.365856,1,235802,93.68999999999998,0,-1,T_1,2,-1,,,,
363,2019-04-03 05:37:20.402804,1,235803,93.68999999999998,0,-1,T_1,2,-1,,,,
364,2019-04-03 05:37:20.436620,1,235804,93.89999999999998,1,1,T_2,2,1,,,,
365,2019-04-03 05:37:20.469836,1,235805,93.79999999999998,1,1,T_2,2,2,,,,
366,2019-04-03 05:37:20.505880,1,235806,93.69999999999999,1,1,T_2,2,3,,,,
367,2019-04-03 05:37:20.539326,1,235807,93.6,1,1,T_2,2,4,,,,
368,2019-04-03 05:37:20.575419,1,235808,94.1,1,-1,T_2,2,1,,,,
369,2019-04-03 05:37:20.609050,1,235809,94.5,1,-1,T_2,2,2,,,,
370,2019-04-03 05:37:20.642564,1,235810,95.0,1,-1,T_2,2,3,,,,
371,2019-04-03 05:37:20.676861,1,235811,95.25,1,-1,T_2,2,4,,,,
372,2019-04-03 05:37:20.710650,1,235812,93.89999999999998,1,1,T_2,2,1,,,,
373,2019-04-03 05:37:20.744232,1,235813,93.79999999999998,1,1,T_2,2,2,,,,
374,2019-04-03 05:37:20.778050,1,235814,93.69999999999999,1,1,T_2,2,3,,,,
375,2019-04-03 05:37:20.813170,1,235815,93.6,1,1,T_2,2,4,,,,
376,2019-04-03 05:37:20.849021,1,235816,93.89999999999998,1,1,T_2,2,1,,,,
377,2019-04-03 05:37:20.882017,1,235817,93.79999999999998,1,1,T_2,2,2,,,,
378,2019-04-03 05:37:20.916128,1,235818,93.69999999999999,1,1,T_2,2,3,,,,
379,2019-04-03 05:37:20.948223,1,235819,93.6,1,1,T_2,2,4,,,,
380,2019-04-03 05:37:20.985383,1,235820,95.01,2,1,T_3,2,-1,,,,
381,2019-04-03 05:37:21.017376,4,235709,94.1,1,-1,T_1,2,-1,T_1,94.1,1,2019-04-03 05:37:15
382,2019-04-03 05:37:21.017376,4,235711,94.1,1,-1,T_4,2,-1,T_1,94.1,1,2019-04-03 05:37:15
383,2019-04-03 05:37:21.017376,4,235820,94.1,1,1,T_3,2,-1,T_3,94.1,1,2019-04-03 05:37:21
384,2019-04-03 05:37:21.017376,4,235820,94.1,1,1,T_3,2,-1,T_3,94.1,1,2019-04-03 05:37:21
385,2019-04-03 05:37:21.153938,1,235821,93.68999999999998,0,-1,T_3,2,-1,,,,
386,2019-04-03 05:37:21.192349,1,235822,93.68999999999998,0,-1,T_3,2,-1,,,,
387,2019-04-03 05:37:21.228376,1,235823,93.68999999999998,0,-1,T_3,2,-1,,,,
388,2019-04-03 05:37:21.264428,1,235824,93.68999999999998,0,-1,T_4,2,-1,,,,
389,2019-04-03 05:37:21.300006,1,235825,93.68999999999998,0,-1,T_4,2,-1,,,,
390,2019-04-03 05:37:21.335036,1,235826,93.68999999999998,0,-1,T_4,2,-1,,,,
391,2019-04-03 05:37:21.371265,1,235827,93.68999999999998,0,-1,T_4,2,-1,,,,
392,2019-04-03 05:37:21.408406,1,235828,93.68999999999998,0,-1,T_5,2,-1,,,,
393,2019-04-03 05:37:21.444252,1,235829,93.68999999999998,0,-1,T_5,2,-1,,,,
394,2019-04-03 05:37:21.479767,1,235830,93.68999999999998,0,-1,T_5,2,-1,,,,
395,2019-04-03 05:37:21.515891,1,235831,93.68999999999998,0,-1,T_5,2,-1,,,,
396,2019-04-03 05:37:21.551957,1,235832,93.68999999999998,0,-1,T_5,2,-1,,,,
397,2019-04-03 05:37:21.594292,1,235833,93.68999999999998,0,-1,T_1,2,-1,,,,
398,2019-04-03 05:37:21.630177,1,235834,93.68999999999998,0,-1,T_1,2,-1,,,,
399,2019-04-03 05:37:21.668780,1,235835,93.68999999999998,0,-1,T_1,2,-1,,,,
400,2019-04-03 05:37:21.704895,1,235836,93.68999999999998,0,-1,T_1,2,-1,,,,
401,2019-04-03 05:37:21.741065,1,235837,93.89999999999998,1,1,T_2,2,1,,,,
402,2019-04-03 05:37:21.774045,1,235838,93.79999999999998,1,1,T_2,2,2,,,,
403,2019-04-03 05:37:21.806998,1,235839,93.69999999999999,1,1,T_2,2,3,,,,
404,2019-04-03 05:37:21.840771,1,235840,93.6,1,1,T_2,2,4,,,,
405,2019-04-03 05:37:21.881478,1,235841,94.1,1,-1,T_2,2,1,,,,
406,2019-04-03 05:37:21.914724,1,235842,94.5,1,-1,T_2,2,2,,,,
407,2019-04-03 05:37:21.947688,1,235843,95.0,1,-1,T_2,2,3,,,,
408,2019-04-03 05:37:21.980880,1,235844,95.25,1,-1,T_2,2,4,,,,
409,2019-04-03 05:37:22.020574,1,235845,94.1,1,-1,T_2,2,1,,,,
410,2019-04-03 05:37:22.054362,1,235846,94.5,1,-1,T_2,2,2,,,,
411,2019-04-03 05:37:22.087825,1,235847,95.0,1,-1,T_2,2,3,,,,
412,2019-04-03 05:37:22.122327,1,235848,95.25,1,-1,T_2,2,4,,,,
413,2019-04-03 05:37:22.157236,1,235849,94.1,1,-1,T_2,2,1,,,,
414,2019-04-03 05:37:22.191586,1,235850,94.5,1,-1,T_2,2,2,,,,
415,2019-04-03 05:37:22.224605,1,235851,95.0,1,-1,T_2,2,3,,,,
416,2019-04-03 05:37:22.257903,1,235852,95.25,1,-1,T_2,2,4,,,,
417,2019-04-03 05:37:22.301671,1,235853,93.68999999999998,1,-1,T_3,2,-1,,,,
418,2019-04-03 05:37:22.334291,4,235853,93.68,1,-1,T_3,2,-1,T_3,93.68,1,2019-04-03 05:37:22
419,2019-04-03 05:37:22.334291,4,235795,93.68,1,1,T_5,2,-1,T_5,93.68,1,2019-04-03 05:37:19
420,2019-04-03 05:37:22.403821,1,235854,93.68999999999998,1,-1,T_3,2,-1,,,,
421,2019-04-03 05:37:22.435364,4,235854,93.68,1,-1,T_3,2,-1,T_3,93.68,1,2019-04-03 05:37:22
422,2019-04-03 05:37:22.435364,4,235804,93.68,1,1,T_2,2,-1,T_2,93.68,1,2019-04-03 05:37:20
423,2019-04-03 05:37:22.503525,1,235855,93.68999999999998,0,-1,T_4,2,-1,,,,
424,2019-04-03 05:37:22.540632,1,235856,93.68999999999998,0,-1,T_4,2,-1,,,,
425,2019-04-03 05:37:22.576918,1,235857,93.68999999999998,0,-1,T_4,2,-1,,,,
426,2019-04-03 05:37:22.612524,1,235858,93.68999999999998,0,-1,T_4,2,-1,,,,
427,2019-04-03 05:37:22.648930,1,235859,93.68999999999998,0,-1,T_5,2,-1,,,,
428,2019-04-03 05:37:22.684043,1,235860,93.68999999999998,0,-1,T_5,2,-1,,,,
429,2019-04-03 05:37:22.720328,1,235861,93.68999999999998,0,-1,T_5,2,-1,,,,
430,2019-04-03 05:37:22.755960,1,235862,93.68999999999998,0,-1,T_5,2,-1,,,,
431,2019-04-03 05:37:22.794322,1,235863,93.68999999999998,0,-1,T_5,2,-1,,,,
432,2019-04-03 05:37:22.837265,1,235864,93.68999999999998,0,-1,T_1,2,-1,,,,
433,2019-04-03 05:37:22.876262,1,235865,93.68999999999998,0,-1,T_1,2,-1,,,,
434,2019-04-03 05:37:22.912420,1,235866,93.68999999999998,0,-1,T_1,2,-1,,,,
435,2019-04-03 05:37:22.954591,1,235867,94.1,1,-1,T_2,2,1,,,,
436,2019-04-03 05:37:22.988204,1,235868,94.5,1,-1,T_2,2,2,,,,
437,2019-04-03 05:37:23.023446,1,235869,95.0,1,-1,T_2,2,3,,,,
438,2019-04-03 05:37:23.057783,1,235870,95.25,1,-1,T_2,2,4,,,,
439,2019-04-03 05:37:23.093855,1,235871,93.89999999999998,1,1,T_2,2,1,,,,
440,2019-04-03 05:37:23.127451,1,235872,93.79999999999998,1,1,T_2,2,2,,,,
441,2019-04-03 05:37:23.161126,1,235873,93.69999999999999,1,1,T_2,2,3,,,,
442,2019-04-03 05:37:23.195858,1,235874,93.6,1,1,T_2,2,4,,,,
443,2019-04-03 05:37:23.238497,1,235875,94.1,1,-1,T_2,2,1,,,,
444,2019-04-03 05:37:23.272128,1,235876,94.5,1,-1,T_2,2,2,,,,
445,2019-04-03 05:37:23.306292,1,235877,95.0,1,-1,T_2,2,3,,,,
446,2019-04-03 05:37:23.339483,1,235878,95.25,1,-1,T_2,2,4,,,,
447,2019-04-03 05:37:23.376831,1,235879,95.01,3,1,T_3,2,-1,,,,
448,2019-04-03 05:37:23.410329,4,235712,94.1,1,-1,T_4,2,-1,T_4,94.1,1,2019-04-03 05:37:16
449,2019-04-03 05:37:23.410329,4,235713,94.1,1,-1,T_3,2,-1,T_4,94.1,1,2019-04-03 05:37:16
450,2019-04-03 05:37:23.410329,4,235720,94.1,1,-1,T_2,2,-1,T_4,94.1,1,2019-04-03 05:37:16
451,2019-04-03 05:37:23.410329,4,235879,94.1,1,1,T_3,2,-1,T_3,94.1,1,2019-04-03 05:37:23
452,2019-04-03 05:37:23.410329,4,235879,94.1,1,1,T_3,2,-1,T_3,94.1,1,2019-04-03 05:37:23
453,2019-04-03 05:37:23.410329,4,235879,94.1,1,1,T_3,2,-1,T_3,94.1,1,2019-04-03 05:37:23
454,2019-04-03 05:37:23.615170,1,235880,93.68999999999998,1,-1,T_3,2,-1,,,,
455,2019-04-03 05:37:23.649116,4,235880,93.68,1,-1,T_3,2,-1,T_3,93.68,1,2019-04-03 05:37:24
456,2019-04-03 05:37:23.649116,4,235812,93.68,1,1,T_2,2,-1,T_2,93.68,1,2019-04-03 05:37:21
457,2019-04-03 05:37:23.722838,1,235881,93.68999999999998,1,-1,T_3,2,-1,,,,
458,2019-04-03 05:37:23.756537,4,235881,93.68,1,-1,T_3,2,-1,T_3,93.68,1,2019-04-03 05:37:24
459,2019-04-03 05:37:23.756537,4,235816,93.68,1,1,T_2,2,-1,T_2,93.68,1,2019-04-03 05:37:21
460,2019-04-03 05:37:23.827213,1,235882,93.68999999999998,0,-1,T_3,2,-1,,,,
461,2019-04-03 05:37:23.865442,1,235883,93.68999999999998,0,-1,T_3,2,-1,,,,
462,2019-04-03 05:37:23.901512,1,235884,93.68999999999998,0,-1,T_4,2,-1,,,,
463,2019-04-03 05:37:23.939194,1,235885,93.68999999999998,0,-1,T_4,2,-1,,,,
464,2019-04-03 05:37:23.974891,1,235886,93.68999999999998,0,-1,T_4,2,-1,,,,
465,2019-04-03 05:37:24.014776,1,235887,93.68999999999998,0,-1,T_4,2,-1,,,,
466,2019-04-03 05:37:24.056196,1,235888,93.68999999999998,0,-1,T_5,2,-1,,,,
467,2019-04-03 05:37:24.094987,1,235889,93.68999999999998,0,-1,T_5,2,-1,,,,
468,2019-04-03 05:37:24.134979,1,235890,93.68999999999998,0,-1,T_5,2,-1,,,,
469,2019-04-03 05:37:24.178499,1,235891,93.68999999999998,0,-1,T_1,2,-1,,,,
470,2019-04-03 05:37:24.215582,1,235892,93.68999999999998,0,-1,T_1,2,-1,,,,
471,2019-04-03 05:37:24.256535,1,235893,93.68999999999998,0,-1,T_1,2,-1,,,,
472,2019-04-03 05:37:24.293149,1,235894,93.89999999999998,1,1,T_2,2,1,,,,
473,2019-04-03 05:37:24.327283,1,235895,93.79999999999998,1,1,T_2,2,2,,,,
474,2019-04-03 05:37:24.362207,1,235896,93.69999999999999,1,1,T_2,2,3,,,,
475,2019-04-03 05:37:24.395490,1,235897,93.6,1,1,T_2,2,4,,,,
476,2019-04-03 05:37:24.431537,1,235898,93.89999999999998,1,1,T_2,2,1,,,,
477,2019-04-03 05:37:24.464677,1,235899,93.79999999999998,1,1,T_2,2,2,,,,
478,2019-04-03 05:37:24.499892,1,235900,93.69999999999999,1,1,T_2,2,3,,,,
479,2019-04-03 05:37:24.534082,1,235901,93.6,1,1,T_2,2,4,,,,
480,2019-04-03 05:37:24.569625,1,235902,93.89999999999998,1,1,T_2,2,1,,,,
481,2019-04-03 05:37:24.602910,1,235903,93.79999999999998,1,1,T_2,2,2,,,,
482,2019-04-03 05:37:24.644222,1,235904,93.69999999999999,1,1,T_2,2,3,,,,
483,2019-04-03 05:37:24.678257,1,235905,93.6,1,1,T_2,2,4,,,,
484,2019-04-03 05:37:24.715876,1,235906,93.89999999999998,1,1,T_2,2,1,,,,
485,2019-04-03 05:37:24.750824,1,235907,93.79999999999998,1,1,T_2,2,2,,,,
486,2019-04-03 05:37:24.788321,1,235908,93.69999999999999,1,1,T_2,2,3,,,,
487,2019-04-03 05:37:24.825013,1,235909,93.6,1,1,T_2,2,4,,,,
488,2019-04-03 05:37:24.862181,1,235910,93.68999999999998,1,-1,T_3,2,-1,,,,
489,2019-04-03 05:37:24.893722,4,235910,93.68,1,-1,T_3,2,-1,T_3,93.68,1,2019-04-03 05:37:25
490,2019-04-03 05:37:24.893722,4,235837,93.68,1,1,T_2,2,-1,T_2,93.68,1,2019-04-03 05:37:22
491,2019-04-03 05:37:24.966601,1,235911,95.01,3,1,T_3,2,-1,,,,
492,2019-04-03 05:37:24.999420,4,235732,94.1,1,-1,T_2,2,-1,T_2,94.1,1,2019-04-03 05:37:16
493,2019-04-03 05:37:24.999420,4,235736,94.1,1,-1,T_2,2,-1,T_2,94.1,1,2019-04-03 05:37:16
494,2019-04-03 05:37:24.999420,4,235753,94.1,1,-1,T_3,2,-1,T_2,94.1,1,2019-04-03 05:37:16
495,2019-04-03 05:37:24.999420,4,235911,94.1,1,1,T_3,2,-1,T_3,94.1,1,2019-04-03 05:37:25
496,2019-04-03 05:37:24.999420,4,235911,94.1,1,1,T_3,2,-1,T_3,94.1,1,2019-04-03 05:37:25
497,2019-04-03 05:37:24.999420,4,235911,94.1,1,1,T_3,2,-1,T_3,94.1,1,2019-04-03 05:37:25
498,2019-04-03 05:37:25.199517,1,235912,93.68999999999998,1,-1,T_3,2,-1,,,,
499,2019-04-03 05:37:25.231535,4,235912,93.68,1,-1,T_3,2,-1,T_3,93.68,1,2019-04-03 05:37:25
500,2019-04-03 05:37:25.231535,4,235871,93.68,1,1,T_2,2,-1,T_2,93.68,1,2019-04-03 05:37:23
501,2019-04-03 05:37:25.302903,1,235913,93.68999999999998,1,-1,T_3,2,-1,,,,
502,2019-04-03 05:37:25.335314,4,235913,93.68,1,-1,T_3,2,-1,T_3,93.68,1,2019-04-03 05:37:25
503,2019-04-03 05:37:25.335314,4,235894,93.68,1,1,T_2,2,-1,T_2,93.68,1,2019-04-03 05:37:24
504,2019-04-03 05:37:25.407767,1,235914,93.68999999999998,1,-1,T_4,2,-1,,,,
505,2019-04-03 05:37:25.440786,4,235914,93.68,1,-1,T_4,2,-1,T_4,93.68,1,2019-04-03 05:37:25
506,2019-04-03 05:37:25.440786,4,235898,93.68,1,1,T_2,2,-1,T_2,93.68,1,2019-04-03 05:37:24
507,2019-04-03 05:37:25.512439,1,235915,93.68999999999998,1,-1,T_4,2,-1,,,,
508,2019-04-03 05:37:25.544419,4,235915,93.68,1,-1,T_4,2,-1,T_4,93.68,1,2019-04-03 05:37:26
509,2019-04-03 05:37:25.544419,4,235902,93.68,1,1,T_2,2,-1,T_2,93.68,1,2019-04-03 05:37:25
510,2019-04-03 05:37:25.615340,1,235916,93.68999999999998,1,-1,T_4,2,-1,,,,
511,2019-04-03 05:37:25.649087,4,235916,93.68,1,-1,T_4,2,-1,T_4,93.68,1,2019-04-03 05:37:26
512,2019-04-03 05:37:25.649087,4,235906,93.68,1,1,T_2,2,-1,T_2,93.68,1,2019-04-03 05:37:25
513,2019-04-03 05:37:25.718296,1,235917,93.58999999999999,2,-1,T_4,2,-1,,,,
514,2019-04-03 05:37:25.750398,4,235917,93.58,1,-1,T_4,2,-1,T_4,93.58,1,2019-04-03 05:37:26
515,2019-04-03 05:37:25.750398,4,235917,93.58,1,-1,T_4,2,-1,T_4,93.58,1,2019-04-03 05:37:26
516,2019-04-03 05:37:25.750398,4,235773,93.58,1,1,T_2,2,-1,T_2,93.58,1,2019-04-03 05:37:18
517,2019-04-03 05:37:25.750398,4,235777,93.58,1,1,T_2,2,-1,T_2,93.58,1,2019-04-03 05:37:18
518,2019-04-03 05:37:25.888646,1,235918,93.58999999999999,2,-1,T_4,2,-1,,,,
519,2019-04-03 05:37:25.919705,4,235918,93.58,1,-1,T_4,2,-1,T_4,93.58,1,2019-04-03 05:37:26
520,2019-04-03 05:37:25.919705,4,235918,93.58,1,-1,T_4,2,-1,T_4,93.58,1,2019-04-03 05:37:26
521,2019-04-03 05:37:25.919705,4,235805,93.58,1,1,T_2,2,-1,T_2,93.58,1,2019-04-03 05:37:20
522,2019-04-03 05:37:25.919705,4,235813,93.58,1,1,T_2,2,-1,T_2,93.58,1,2019-04-03 05:37:20
523,2019-04-03 05:37:26.055511,1,235919,93.58999999999999,2,-1,T_5,2,-1,,,,
524,2019-04-03 05:37:26.086860,4,235919,93.58,1,-1,T_5,2,-1,T_5,93.58,1,2019-04-03 05:37:26
525,2019-04-03 05:37:26.086860,4,235919,93.58,1,-1,T_5,2,-1,T_5,93.58,1,2019-04-03 05:37:26
526,2019-04-03 05:37:26.086860,4,235817,93.58,1,1,T_2,2,-1,T_2,93.58,1,2019-04-03 05:37:21
527,2019-04-03 05:37:26.086860,4,235838,93.58,1,1,T_2,2,-1,T_2,93.58,1,2019-04-03 05:37:21
528,2019-04-03 05:37:26.225084,1,235920,93.58999999999999,2,-1,T_5,2,-1,,,,
529,2019-04-03 05:37:26.257195,4,235920,93.58,1,-1,T_5,2,-1,T_5,93.58,1,2019-04-03 05:37:26
530,2019-04-03 05:37:26.257195,4,235920,93.58,1,-1,T_5,2,-1,T_5,93.58,1,2019-04-03 05:37:26
531,2019-04-03 05:37:26.257195,4,235872,93.58,1,1,T_2,2,-1,T_2,93.58,1,2019-04-03 05:37:23
532,2019-04-03 05:37:26.257195,4,235895,93.58,1,1,T_2,2,-1,T_2,93.58,1,2019-04-03 05:37:23
533,2019-04-03 05:37:26.393002,1,235921,93.58999999999999,1,-1,T_5,2,-1,,,,
534,2019-04-03 05:37:26.424174,4,235921,93.58,1,-1,T_5,2,-1,T_5,93.58,1,2019-04-03 05:37:26
535,2019-04-03 05:37:26.424174,4,235899,93.58,1,1,T_2,2,-1,T_2,93.58,1,2019-04-03 05:37:24
536,2019-04-03 05:37:26.494608,1,235922,93.58999999999999,1,-1,T_5,2,-1,,,,
537,2019-04-03 05:37:26.527021,4,235922,93.58,1,-1,T_5,2,-1,T_5,93.58,1,2019-04-03 05:37:26
538,2019-04-03 05:37:26.527021,4,235903,93.58,1,1,T_2,2,-1,T_2,93.58,1,2019-04-03 05:37:25
539,2019-04-03 05:37:26.601141,1,235923,93.58999999999999,1,-1,T_5,2,-1,,,,
540,2019-04-03 05:37:26.632375,4,235923,93.58,1,-1,T_5,2,-1,T_5,93.58,1,2019-04-03 05:37:27
541,2019-04-03 05:37:26.632375,4,235907,93.58,1,1,T_2,2,-1,T_2,93.58,1,2019-04-03 05:37:25
