,timestamp,type,order_id,price,volume,direction,trader_id,stock_id,order_level,matched_order_trader_id,match_price,match_volume,match_timestamp
0,2019-04-01 10:32:04.056005,1,286614,93.9,2,1,T_1,2,1,,,,
1,2019-04-01 10:32:04.234917,1,286615,93.5,2,1,T_1,2,2,,,,
2,2019-04-01 10:32:04.282420,1,286616,93.0,2,1,T_1,2,3,,,,
3,2019-04-01 10:32:04.335582,1,286617,92.75,2,1,T_1,2,4,,,,
4,2019-04-01 10:32:04.386093,1,286618,92.5,2,1,T_1,2,5,,,,
5,2019-04-01 10:32:04.479747,1,286619,94.1,2,-1,T_1,2,1,,,,
6,2019-04-01 10:32:04.631991,1,286620,94.5,2,-1,T_1,2,2,,,,
7,2019-04-01 10:32:04.796242,1,286621,95.0,2,-1,T_1,2,3,,,,
8,2019-04-01 10:32:04.907429,1,286622,95.25,2,-1,T_1,2,4,,,,
9,2019-04-01 10:32:05.025264,1,286623,95.5,2,-1,T_1,2,5,,,,
10,2019-04-01 10:32:05.184232,1,286624,94.1,1,-1,T_1,2,1,,,,
11,2019-04-01 10:32:05.293939,1,286625,94.5,1,-1,T_1,2,2,,,,
12,2019-04-01 10:32:05.379592,1,286626,95.0,1,-1,T_1,2,3,,,,
13,2019-04-01 10:32:05.444356,1,286627,95.25,1,-1,T_1,2,4,,,,
14,2019-04-01 10:32:05.522363,1,286628,94.1,1,-1,T_1,2,1,,,,
15,2019-04-01 10:32:05.591539,1,286629,94.5,1,-1,T_1,2,2,,,,
16,2019-04-01 10:32:05.662306,1,286630,95.0,1,-1,T_1,2,3,,,,
17,2019-04-01 10:32:05.736845,1,286631,95.25,1,-1,T_1,2,4,,,,
18,2019-04-01 10:32:05.825934,1,286632,94.1,1,-1,T_1,2,1,,,,
19,2019-04-01 10:32:05.896782,1,286633,94.5,1,-1,T_1,2,2,,,,
20,2019-04-01 10:32:05.961924,1,286634,95.0,1,-1,T_1,2,3,,,,
21,2019-04-01 10:32:06.041691,1,286635,95.25,1,-1,T_1,2,4,,,,
22,2019-04-01 10:32:06.118015,1,286636,94.1,1,-1,T_1,2,1,,,,
23,2019-04-01 10:32:06.188822,1,286637,94.5,1,-1,T_1,2,2,,,,
24,2019-04-01 10:32:06.262558,1,286638,95.0,1,-1,T_1,2,3,,,,
25,2019-04-01 10:32:06.332473,1,286639,95.25,1,-1,T_1,2,4,,,,
26,2019-04-01 10:32:06.480957,1,286640,92.99,0,-1,T_2,2,-1,,,,
27,2019-04-01 10:32:06.608572,1,286641,92.99,0,-1,T_2,2,-1,,,,
28,2019-04-01 10:32:06.720188,1,286642,92.99,0,-1,T_2,2,-1,,,,
29,2019-04-01 10:32:06.817952,1,286643,92.99,0,-1,T_2,2,-1,,,,
30,2019-04-01 10:32:06.973326,1,286644,92.99,0,-1,T_2,2,-1,,,,
31,2019-04-01 10:32:07.071965,1,286645,93.9,1,1,T_3,2,1,,,,
32,2019-04-01 10:32:07.148267,1,286646,93.5,1,1,T_3,2,2,,,,
33,2019-04-01 10:32:07.247966,1,286647,93.0,1,1,T_3,2,3,,,,
34,2019-04-01 10:32:07.311403,1,286648,92.75,1,1,T_3,2,4,,,,
35,2019-04-01 10:32:07.381579,1,286649,93.9,1,1,T_3,2,1,,,,
36,2019-04-01 10:32:07.497752,1,286650,93.5,1,1,T_3,2,2,,,,
37,2019-04-01 10:32:07.572453,1,286651,93.0,1,1,T_3,2,3,,,,
38,2019-04-01 10:32:07.670414,1,286652,92.75,1,1,T_3,2,4,,,,
39,2019-04-01 10:32:07.774967,1,286653,93.9,1,1,T_3,2,1,,,,
40,2019-04-01 10:32:07.872364,1,286654,93.5,1,1,T_3,2,2,,,,
41,2019-04-01 10:32:07.951432,1,286655,93.0,1,1,T_3,2,3,,,,
42,2019-04-01 10:32:08.011841,1,286656,92.75,1,1,T_3,2,4,,,,
43,2019-04-01 10:32:08.092758,1,286657,93.9,1,1,T_3,2,1,,,,
44,2019-04-01 10:32:08.171749,1,286658,93.5,1,1,T_3,2,2,,,,
45,2019-04-01 10:32:08.243942,1,286659,93.0,1,1,T_3,2,3,,,,
46,2019-04-01 10:32:08.312454,1,286660,92.75,1,1,T_3,2,4,,,,
47,2019-04-01 10:32:08.406001,1,286661,94.1,1,-1,T_1,2,1,,,,
48,2019-04-01 10:32:08.512653,1,286662,94.5,1,-1,T_1,2,2,,,,
49,2019-04-01 10:32:08.595284,1,286663,95.0,1,-1,T_1,2,3,,,,
50,2019-04-01 10:32:08.708785,1,286664,95.25,1,-1,T_1,2,4,,,,
51,2019-04-01 10:32:08.789269,1,286665,94.1,1,-1,T_1,2,1,,,,
52,2019-04-01 10:32:08.866757,1,286666,94.5,1,-1,T_1,2,2,,,,
53,2019-04-01 10:32:08.943526,1,286667,95.0,1,-1,T_1,2,3,,,,
54,2019-04-01 10:32:09.018019,1,286668,95.25,1,-1,T_1,2,4,,,,
55,2019-04-01 10:32:09.138691,1,286669,94.1,1,-1,T_1,2,1,,,,
56,2019-04-01 10:32:09.217153,1,286670,94.5,1,-1,T_1,2,2,,,,
57,2019-04-01 10:32:09.282562,1,286671,95.0,1,-1,T_1,2,3,,,,
58,2019-04-01 10:32:09.359823,1,286672,95.25,1,-1,T_1,2,4,,,,
59,2019-04-01 10:32:09.441442,1,286673,94.1,1,-1,T_1,2,1,,,,
60,2019-04-01 10:32:09.513625,1,286674,94.5,1,-1,T_1,2,2,,,,
61,2019-04-01 10:32:09.583088,1,286675,95.0,1,-1,T_1,2,3,,,,
62,2019-04-01 10:32:09.663896,1,286676,95.25,1,-1,T_1,2,4,,,,
63,2019-04-01 10:32:09.743542,1,286677,92.99,1,-1,T_2,2,-1,,,,
64,2019-04-01 10:32:09.793084,4,286677,92.99,1,-1,T_2,2,-1,T_2,92.99,1,2019-04-01 10:32:10
65,2019-04-01 10:32:09.793084,4,286614,92.99,1,1,T_1,2,-1,T_1,92.99,1,2019-04-01 10:32:04
66,2019-04-01 10:32:09.942364,1,286678,92.99,1,-1,T_2,2,-1,,,,
67,2019-04-01 10:32:10.022192,4,286678,92.99,1,-1,T_2,2,-1,T_2,92.99,1,2019-04-01 10:32:10
68,2019-04-01 10:32:10.022192,4,286614,92.99,1,1,T_1,2,-1,T_1,92.99,1,2019-04-01 10:32:04
69,2019-04-01 10:32:10.445434,1,286679,92.99,1,-1,T_2,2,-1,,,,
70,2019-04-01 10:32:10.522088,4,286679,92.99,1,-1,T_2,2,-1,T_2,92.99,1,2019-04-01 10:32:10
71,2019-04-01 10:32:10.522088,4,286645,92.99,1,1,T_3,2,-1,T_3,92.99,1,2019-04-01 10:32:07
72,2019-04-01 10:32:10.669229,1,286680,92.99,0,-1,T_2,2,-1,,,,
73,2019-04-01 10:32:10.768814,1,286681,92.99,0,-1,T_2,2,-1,,,,
74,2019-04-01 10:32:10.890123,1,286682,93.9,1,1,T_3,2,1,,,,
75,2019-04-01 10:32:10.965752,1,286683,93.5,1,1,T_3,2,2,,,,
76,2019-04-01 10:32:11.041988,1,286684,93.0,1,1,T_3,2,3,,,,
77,2019-04-01 10:32:11.107104,1,286685,92.75,1,1,T_3,2,4,,,,
78,2019-04-01 10:32:11.192402,1,286686,94.1,1,-1,T_3,2,1,,,,
79,2019-04-01 10:32:11.263314,1,286687,94.5,1,-1,T_3,2,2,,,,
80,2019-04-01 10:32:11.397206,1,286688,95.0,1,-1,T_3,2,3,,,,
81,2019-04-01 10:32:11.474223,1,286689,95.25,1,-1,T_3,2,4,,,,
82,2019-04-01 10:32:11.567159,1,286690,94.1,1,-1,T_3,2,1,,,,
83,2019-04-01 10:32:11.676307,1,286691,94.5,1,-1,T_3,2,2,,,,
84,2019-04-01 10:32:11.790907,1,286692,95.0,1,-1,T_3,2,3,,,,
85,2019-04-01 10:32:11.875208,1,286693,95.25,1,-1,T_3,2,4,,,,
86,2019-04-01 10:32:12.013962,1,286694,94.1,1,-1,T_3,2,1,,,,
87,2019-04-01 10:32:12.196814,1,286695,94.5,1,-1,T_3,2,2,,,,
88,2019-04-01 10:32:12.295788,1,286696,95.0,1,-1,T_3,2,3,,,,
89,2019-04-01 10:32:12.401716,1,286697,95.25,1,-1,T_3,2,4,,,,
90,2019-04-01 10:32:12.550980,1,286698,94.1,1,-1,T_1,2,1,,,,
91,2019-04-01 10:32:12.633011,1,286699,94.5,1,-1,T_1,2,2,,,,
92,2019-04-01 10:32:12.716551,1,286700,95.0,1,-1,T_1,2,3,,,,
93,2019-04-01 10:32:12.797419,1,286701,95.25,1,-1,T_1,2,4,,,,
94,2019-04-01 10:32:12.911076,1,286702,94.1,1,-1,T_1,2,1,,,,
95,2019-04-01 10:32:13.011399,1,286703,94.5,1,-1,T_1,2,2,,,,
96,2019-04-01 10:32:13.090989,1,286704,95.0,1,-1,T_1,2,3,,,,
97,2019-04-01 10:32:13.171130,1,286705,95.25,1,-1,T_1,2,4,,,,
98,2019-04-01 10:32:13.252704,1,286706,94.1,1,-1,T_1,2,1,,,,
99,2019-04-01 10:32:13.338627,1,286707,94.5,1,-1,T_1,2,2,,,,
100,2019-04-01 10:32:13.423329,1,286708,95.0,1,-1,T_1,2,3,,,,
101,2019-04-01 10:32:13.503950,1,286709,95.25,1,-1,T_1,2,4,,,,
102,2019-04-01 10:32:13.620871,1,286710,94.1,1,-1,T_1,2,1,,,,
103,2019-04-01 10:32:13.719658,1,286711,94.5,1,-1,T_1,2,2,,,,
104,2019-04-01 10:32:13.797163,1,286712,95.0,1,-1,T_1,2,3,,,,
105,2019-04-01 10:32:13.886976,1,286713,95.25,1,-1,T_1,2,4,,,,
106,2019-04-01 10:32:14.002812,1,286714,92.99,1,-1,T_2,2,-1,,,,
107,2019-04-01 10:32:14.080387,4,286714,92.99,1,-1,T_2,2,-1,T_2,92.99,1,2019-04-01 10:32:14
108,2019-04-01 10:32:14.080387,4,286649,92.99,1,1,T_3,2,-1,T_3,92.99,1,2019-04-01 10:32:07
109,2019-04-01 10:32:14.220815,1,286715,92.99,1,-1,T_2,2,-1,,,,
110,2019-04-01 10:32:14.292352,4,286715,92.99,1,-1,T_2,2,-1,T_2,92.99,1,2019-04-01 10:32:14
111,2019-04-01 10:32:14.292352,4,286653,92.99,1,1,T_3,2,-1,T_3,92.99,1,2019-04-01 10:32:08
112,2019-04-01 10:32:14.447995,1,286716,95.01,3,1,T_2,2,-1,,,,
113,2019-04-01 10:32:14.515125,4,286619,94.1,2,-1,T_1,2,-1,T_1,94.1,2,2019-04-01 10:32:04
114,2019-04-01 10:32:14.515125,4,286624,94.1,1,-1,T_1,2,-1,T_1,94.1,2,2019-04-01 10:32:04
115,2019-04-01 10:32:14.515125,4,286716,94.1,2,1,T_2,2,-1,T_2,94.1,2,2019-04-01 10:32:14
116,2019-04-01 10:32:14.515125,4,286716,94.1,1,1,T_2,2,-1,T_2,94.1,1,2019-04-01 10:32:14
117,2019-04-01 10:32:14.750942,1,286717,92.99,0,-1,T_2,2,-1,,,,
118,2019-04-01 10:32:14.812275,1,286718,92.99,0,-1,T_2,2,-1,,,,
119,2019-04-01 10:32:14.871802,1,286719,93.9,1,1,T_3,2,1,,,,
120,2019-04-01 10:32:14.927695,1,286720,93.5,1,1,T_3,2,2,,,,
121,2019-04-01 10:32:14.979982,1,286721,93.0,1,1,T_3,2,3,,,,
122,2019-04-01 10:32:15.034911,1,286722,92.75,1,1,T_3,2,4,,,,
123,2019-04-01 10:32:15.126158,1,286723,94.1,1,-1,T_3,2,1,,,,
124,2019-04-01 10:32:15.215305,1,286724,94.5,1,-1,T_3,2,2,,,,
125,2019-04-01 10:32:15.311302,1,286725,95.0,1,-1,T_3,2,3,,,,
126,2019-04-01 10:32:15.424689,1,286726,95.25,1,-1,T_3,2,4,,,,
127,2019-04-01 10:32:15.615741,1,286727,94.1,1,-1,T_3,2,1,,,,
128,2019-04-01 10:32:15.804294,1,286728,94.5,1,-1,T_3,2,2,,,,
129,2019-04-01 10:32:15.894285,1,286729,95.0,1,-1,T_3,2,3,,,,
130,2019-04-01 10:32:15.972307,1,286730,95.25,1,-1,T_3,2,4,,,,
131,2019-04-01 10:32:16.059612,1,286731,93.9,1,1,T_3,2,1,,,,
132,2019-04-01 10:32:16.142884,1,286732,93.5,1,1,T_3,2,2,,,,
133,2019-04-01 10:32:16.216836,1,286733,93.0,1,1,T_3,2,3,,,,
134,2019-04-01 10:32:16.286110,1,286734,92.75,1,1,T_3,2,4,,,,
135,2019-04-01 10:32:16.417390,1,286735,93.9,1,1,T_3,2,1,,,,
136,2019-04-01 10:32:16.492947,1,286736,93.5,1,1,T_3,2,2,,,,
137,2019-04-01 10:32:16.574360,1,286737,93.0,1,1,T_3,2,3,,,,
138,2019-04-01 10:32:16.659150,1,286738,92.75,1,1,T_3,2,4,,,,
139,2019-04-01 10:32:16.770670,1,286739,93.99000000000001,0,-1,T_1,2,-1,,,,
140,2019-04-01 10:32:16.909399,1,286740,94.1,2,-1,T_3,2,1,,,,
141,2019-04-01 10:32:17.020713,1,286741,94.1,0,-1,T_9,2,1,,,,
142,2019-04-01 10:32:17.189116,1,286742,94.1,2,-1,T_2,2,1,,,,
143,2019-04-01 10:32:17.297961,2,286741,94.0,0,-1,T_9,2,-1,,,,
144,2019-04-01 10:32:17.371852,1,286743,94.1,0,-1,T_1,2,1,,,,
145,2019-04-01 10:32:17.532237,1,286744,94.1,2,-1,T_2,2,1,,,,
146,2019-04-01 10:32:17.651652,2,286743,94.0,0,-1,T_1,2,-1,,,,
147,2019-04-01 10:32:17.788263,2,286739,94.0,0,-1,T_1,2,-1,,,,
148,2019-04-01 10:32:17.877446,2,286741,94.0,0,-1,T_9,2,-1,,,,
149,2019-04-01 10:32:17.955861,2,286743,94.0,0,-1,T_1,2,-1,,,,
150,2019-04-01 10:32:17.990782,1,286745,94.1,2,-1,T_3,2,1,,,,
151,2019-04-01 10:32:18.070003,1,286746,94.1,2,-1,T_2,2,1,,,,
152,2019-04-01 10:32:18.171360,1,286747,94.0,2,1,T_1,2,1,,,,
153,2019-04-01 10:32:18.324868,1,286748,94.0,1,1,T_1,2,1,,,,
154,2019-04-01 10:32:18.421610,1,286749,93.9,1,1,T_1,2,2,,,,
155,2019-04-01 10:32:18.496355,1,286750,93.5,1,1,T_1,2,3,,,,
156,2019-04-01 10:32:18.615871,1,286751,93.0,1,1,T_1,2,4,,,,
157,2019-04-01 10:32:18.703981,1,286752,94.0,1,1,T_1,2,1,,,,
158,2019-04-01 10:32:18.806463,1,286753,93.9,1,1,T_1,2,2,,,,
159,2019-04-01 10:32:18.900712,1,286754,93.5,1,1,T_1,2,3,,,,
160,2019-04-01 10:32:18.972269,1,286755,93.0,1,1,T_1,2,4,,,,
161,2019-04-01 10:32:19.069683,1,286756,94.0,1,1,T_1,2,1,,,,
162,2019-04-01 10:32:19.146616,1,286757,93.9,1,1,T_1,2,2,,,,
163,2019-04-01 10:32:19.221639,1,286758,93.5,1,1,T_1,2,3,,,,
164,2019-04-01 10:32:19.306542,1,286759,93.0,1,1,T_1,2,4,,,,
165,2019-04-01 10:32:19.412968,1,286760,93.49,1,-1,T_2,2,-1,,,,
166,2019-04-01 10:32:19.482157,4,286760,93.49,1,-1,T_2,2,-1,T_2,93.49,1,2019-04-01 10:32:19
167,2019-04-01 10:32:19.482157,4,286747,93.49,1,1,T_1,2,-1,T_1,93.49,1,2019-04-01 10:32:18
168,2019-04-01 10:32:19.665570,1,286761,93.49,1,-1,T_2,2,-1,,,,
169,2019-04-01 10:32:19.725347,4,286761,93.49,1,-1,T_2,2,-1,T_2,93.49,1,2019-04-01 10:32:20
170,2019-04-01 10:32:19.725347,4,286747,93.49,1,1,T_1,2,-1,T_1,93.49,1,2019-04-01 10:32:18
171,2019-04-01 10:32:19.865482,1,286762,93.49,1,-1,T_2,2,-1,,,,
172,2019-04-01 10:32:19.932640,4,286762,93.49,1,-1,T_2,2,-1,T_2,93.49,1,2019-04-01 10:32:20
173,2019-04-01 10:32:19.932640,4,286748,93.49,1,1,T_1,2,-1,T_1,93.49,1,2019-04-01 10:32:18
174,2019-04-01 10:32:20.076578,1,286763,93.49,1,-1,T_2,2,-1,,,,
175,2019-04-01 10:32:20.132083,4,286763,93.49,1,-1,T_2,2,-1,T_2,93.49,1,2019-04-01 10:32:20
176,2019-04-01 10:32:20.132083,4,286752,93.49,1,1,T_1,2,-1,T_1,93.49,1,2019-04-01 10:32:19
177,2019-04-01 10:32:20.284861,1,286764,93.49,0,-1,T_2,2,-1,,,,
178,2019-04-01 10:32:20.373212,1,286765,94.1,1,-1,T_3,2,1,,,,
179,2019-04-01 10:32:20.453670,1,286766,94.5,1,-1,T_3,2,2,,,,
180,2019-04-01 10:32:20.528443,1,286767,95.0,1,-1,T_3,2,3,,,,
181,2019-04-01 10:32:20.616520,1,286768,95.25,1,-1,T_3,2,4,,,,
182,2019-04-01 10:32:20.734247,1,286769,94.1,1,-1,T_3,2,1,,,,
183,2019-04-01 10:32:20.815924,1,286770,94.5,1,-1,T_3,2,2,,,,
184,2019-04-01 10:32:20.895007,1,286771,95.0,1,-1,T_3,2,3,,,,
185,2019-04-01 10:32:20.983375,1,286772,95.25,1,-1,T_3,2,4,,,,
186,2019-04-01 10:32:21.088729,1,286773,94.0,1,1,T_3,2,1,,,,
187,2019-04-01 10:32:21.287318,1,286774,93.9,1,1,T_3,2,2,,,,
188,2019-04-01 10:32:21.359241,1,286775,93.5,1,1,T_3,2,3,,,,
189,2019-04-01 10:32:21.437424,1,286776,93.0,1,1,T_3,2,4,,,,
190,2019-04-01 10:32:21.541340,1,286777,94.1,1,-1,T_3,2,1,,,,
191,2019-04-01 10:32:21.646793,1,286778,94.5,1,-1,T_3,2,2,,,,
192,2019-04-01 10:32:21.751870,1,286779,95.0,1,-1,T_3,2,3,,,,
193,2019-04-01 10:32:21.827126,1,286780,95.25,1,-1,T_3,2,4,,,,
194,2019-04-01 10:32:21.917808,1,286781,94.0,1,1,T_3,2,1,,,,
195,2019-04-01 10:32:22.116427,1,286782,93.9,1,1,T_3,2,2,,,,
196,2019-04-01 10:32:22.192701,1,286783,93.5,1,1,T_3,2,3,,,,
197,2019-04-01 10:32:22.269365,1,286784,93.0,1,1,T_3,2,4,,,,
198,2019-04-01 10:32:22.367822,1,286785,94.09,0,-1,T_1,2,-1,,,,
199,2019-04-01 10:32:22.500650,1,286786,94.1,2,-1,T_3,2,1,,,,
200,2019-04-01 10:32:22.598570,1,286787,94.1,0,-1,T_1,2,1,,,,
201,2019-04-01 10:32:22.750733,1,286788,94.1,2,-1,T_2,2,1,,,,
202,2019-04-01 10:32:22.844363,2,286787,94.0,0,-1,T_1,2,-1,,,,
203,2019-04-01 10:32:22.906630,1,286789,94.1,0,-1,T_9,2,1,,,,
204,2019-04-01 10:32:23.043208,1,286790,94.1,2,-1,T_1,2,1,,,,
205,2019-04-01 10:32:23.145868,2,286789,94.0,0,-1,T_9,2,-1,,,,
206,2019-04-01 10:32:23.308908,2,286785,94.0,0,-1,T_1,2,-1,,,,
207,2019-04-01 10:32:23.389929,2,286787,94.0,0,-1,T_1,2,-1,,,,
208,2019-04-01 10:32:23.474811,2,286789,94.0,0,-1,T_9,2,-1,,,,
209,2019-04-01 10:32:23.518370,1,286791,94.1,2,-1,T_2,2,1,,,,
210,2019-04-01 10:32:23.611578,1,286792,94.1,2,-1,T_3,2,1,,,,
211,2019-04-01 10:32:23.694041,1,286793,94.1,2,1,T_1,2,-1,,,,
212,2019-04-01 10:32:23.785025,4,286628,94.1,1,-1,T_1,2,1,T_1,94.1,1,2019-04-01 10:32:06
213,2019-04-01 10:32:23.785025,4,286632,94.1,1,-1,T_1,2,1,T_1,94.1,1,2019-04-01 10:32:06
214,2019-04-01 10:32:23.785025,4,286793,94.1,1,1,T_1,2,-1,T_1,94.1,1,2019-04-01 10:32:24
215,2019-04-01 10:32:23.785025,4,286793,94.1,1,1,T_1,2,-1,T_1,94.1,1,2019-04-01 10:32:24
216,2019-04-01 10:32:24.039182,1,286794,94.09,0,-1,T_1,2,-1,,,,
217,2019-04-01 10:32:24.194521,1,286795,94.1,2,-1,T_3,2,1,,,,
218,2019-04-01 10:32:24.297055,1,286796,94.1,0,-1,T_9,2,1,,,,
219,2019-04-01 10:32:24.442394,1,286797,94.1,2,-1,T_2,2,1,,,,
220,2019-04-01 10:32:24.541644,2,286796,94.0,0,-1,T_9,2,-1,,,,
221,2019-04-01 10:32:24.612655,1,286798,94.1,0,-1,T_6,2,1,,,,
222,2019-04-01 10:32:24.757062,1,286799,94.1,2,-1,T_2,2,1,,,,
223,2019-04-01 10:32:24.857914,2,286798,94.0,0,-1,T_6,2,-1,,,,
224,2019-04-01 10:32:25.007882,2,286794,94.0,0,-1,T_1,2,-1,,,,
225,2019-04-01 10:32:25.130402,2,286796,94.0,0,-1,T_9,2,-1,,,,
226,2019-04-01 10:32:25.224099,2,286798,94.0,0,-1,T_6,2,-1,,,,
227,2019-04-01 10:32:25.262592,1,286800,94.1,2,-1,T_3,2,1,,,,
228,2019-04-01 10:32:25.339500,1,286801,94.1,2,-1,T_3,2,1,,,,
229,2019-04-01 10:32:25.430063,1,286802,94.1,2,1,T_1,2,-1,,,,
230,2019-04-01 10:32:25.535632,4,286636,94.1,1,-1,T_1,2,1,T_1,94.1,1,2019-04-01 10:32:06
231,2019-04-01 10:32:25.535632,4,286661,94.1,1,-1,T_1,2,1,T_1,94.1,1,2019-04-01 10:32:06
232,2019-04-01 10:32:25.535632,4,286802,94.1,1,1,T_1,2,-1,T_1,94.1,1,2019-04-01 10:32:25
233,2019-04-01 10:32:25.535632,4,286802,94.1,1,1,T_1,2,-1,T_1,94.1,1,2019-04-01 10:32:25
234,2019-04-01 10:32:25.883489,1,286803,94.1,1,-1,T_1,2,1,,,,
235,2019-04-01 10:32:25.979117,1,286804,94.5,1,-1,T_1,2,2,,,,
236,2019-04-01 10:32:26.107757,1,286805,95.0,1,-1,T_1,2,3,,,,
237,2019-04-01 10:32:26.179455,1,286806,95.25,1,-1,T_1,2,4,,,,
238,2019-04-01 10:32:26.263528,1,286807,94.1,1,-1,T_1,2,1,,,,
239,2019-04-01 10:32:26.322422,1,286808,94.5,1,-1,T_1,2,2,,,,
240,2019-04-01 10:32:26.384937,1,286809,95.0,1,-1,T_1,2,3,,,,
241,2019-04-01 10:32:26.476266,1,286810,95.25,1,-1,T_1,2,4,,,,
242,2019-04-01 10:32:26.568892,1,286811,94.0,1,1,T_1,2,1,,,,
243,2019-04-01 10:32:26.665807,1,286812,93.9,1,1,T_1,2,2,,,,
244,2019-04-01 10:32:26.742862,1,286813,93.5,1,1,T_1,2,3,,,,
245,2019-04-01 10:32:26.816186,1,286814,93.0,1,1,T_1,2,4,,,,
246,2019-04-01 10:32:26.899558,1,286815,94.0,1,1,T_1,2,1,,,,
247,2019-04-01 10:32:27.031640,1,286816,93.9,1,1,T_1,2,2,,,,
248,2019-04-01 10:32:27.114288,1,286817,93.5,1,1,T_1,2,3,,,,
249,2019-04-01 10:32:27.228021,1,286818,93.0,1,1,T_1,2,4,,,,
250,2019-04-01 10:32:27.320236,1,286819,94.0,1,1,T_1,2,1,,,,
251,2019-04-01 10:32:27.444761,1,286820,93.9,1,1,T_1,2,2,,,,
252,2019-04-01 10:32:27.513446,1,286821,93.5,1,1,T_1,2,3,,,,
253,2019-04-01 10:32:27.595216,1,286822,93.0,1,1,T_1,2,4,,,,
254,2019-04-01 10:32:27.682838,1,286823,93.49,1,-1,T_2,2,-1,,,,
255,2019-04-01 10:32:27.747475,4,286823,93.49,1,-1,T_2,2,-1,T_2,93.49,1,2019-04-01 10:32:28
256,2019-04-01 10:32:27.747475,4,286756,93.49,1,1,T_1,2,-1,T_1,93.49,1,2019-04-01 10:32:19
257,2019-04-01 10:32:27.887080,1,286824,93.49,1,-1,T_2,2,-1,,,,
258,2019-04-01 10:32:27.953270,4,286824,93.49,1,-1,T_2,2,-1,T_2,93.49,1,2019-04-01 10:32:28
259,2019-04-01 10:32:27.953270,4,286773,93.49,1,1,T_3,2,-1,T_3,93.49,1,2019-04-01 10:32:21
260,2019-04-01 10:32:28.136663,1,286825,93.49,1,-1,T_2,2,-1,,,,
261,2019-04-01 10:32:28.203169,4,286825,93.49,1,-1,T_2,2,-1,T_2,93.49,1,2019-04-01 10:32:28
262,2019-04-01 10:32:28.203169,4,286781,93.49,1,1,T_3,2,-1,T_3,93.49,1,2019-04-01 10:32:22
263,2019-04-01 10:32:28.419607,1,286826,93.49,1,-1,T_2,2,-1,,,,
264,2019-04-01 10:32:28.490813,4,286826,93.49,1,-1,T_2,2,-1,T_2,93.49,1,2019-04-01 10:32:28
265,2019-04-01 10:32:28.490813,4,286811,93.49,1,1,T_1,2,-1,T_1,93.49,1,2019-04-01 10:32:27
266,2019-04-01 10:32:28.687547,1,286827,93.49,1,-1,T_2,2,-1,,,,
267,2019-04-01 10:32:28.761988,4,286827,93.49,1,-1,T_2,2,-1,T_2,93.49,1,2019-04-01 10:32:29
268,2019-04-01 10:32:28.761988,4,286815,93.49,1,1,T_1,2,-1,T_1,93.49,1,2019-04-01 10:32:27
269,2019-04-01 10:32:28.924435,1,286828,94.0,1,1,T_3,2,1,,,,
270,2019-04-01 10:32:28.997368,1,286829,93.9,1,1,T_3,2,2,,,,
271,2019-04-01 10:32:29.077744,1,286830,93.5,1,1,T_3,2,3,,,,
272,2019-04-01 10:32:29.165830,1,286831,93.0,1,1,T_3,2,4,,,,
273,2019-04-01 10:32:29.257913,1,286832,94.1,1,-1,T_3,2,1,,,,
274,2019-04-01 10:32:29.330863,1,286833,94.5,1,-1,T_3,2,2,,,,
275,2019-04-01 10:32:29.417095,1,286834,95.0,1,-1,T_3,2,3,,,,
276,2019-04-01 10:32:29.501468,1,286835,95.25,1,-1,T_3,2,4,,,,
277,2019-04-01 10:32:29.615582,1,286836,94.0,1,1,T_3,2,1,,,,
278,2019-04-01 10:32:29.690900,1,286837,93.9,1,1,T_3,2,2,,,,
279,2019-04-01 10:32:29.760745,1,286838,93.5,1,1,T_3,2,3,,,,
280,2019-04-01 10:32:29.831066,1,286839,93.0,1,1,T_3,2,4,,,,
281,2019-04-01 10:32:29.935312,1,286840,94.0,1,1,T_3,2,1,,,,
282,2019-04-01 10:32:30.019107,1,286841,93.9,1,1,T_3,2,2,,,,
283,2019-04-01 10:32:30.108487,1,286842,93.5,1,1,T_3,2,3,,,,
284,2019-04-01 10:32:30.179225,1,286843,93.0,1,1,T_3,2,4,,,,
285,2019-04-01 10:32:30.266415,1,286844,94.1,1,-1,T_3,2,1,,,,
286,2019-04-01 10:32:30.347117,1,286845,94.5,1,-1,T_3,2,2,,,,
287,2019-04-01 10:32:30.428107,1,286846,95.0,1,-1,T_3,2,3,,,,
288,2019-04-01 10:32:30.515173,1,286847,95.25,1,-1,T_3,2,4,,,,
289,2019-04-01 10:32:30.650136,1,286848,94.0,1,1,T_1,2,1,,,,
290,2019-04-01 10:32:30.738580,1,286849,93.9,1,1,T_1,2,2,,,,
291,2019-04-01 10:32:30.820480,1,286850,93.5,1,1,T_1,2,3,,,,
292,2019-04-01 10:32:30.906203,1,286851,93.0,1,1,T_1,2,4,,,,
293,2019-04-01 10:32:30.995749,1,286852,94.0,1,1,T_1,2,1,,,,
294,2019-04-01 10:32:31.074323,1,286853,93.9,1,1,T_1,2,2,,,,
295,2019-04-01 10:32:31.160315,1,286854,93.5,1,1,T_1,2,3,,,,
296,2019-04-01 10:32:31.238125,1,286855,93.0,1,1,T_1,2,4,,,,
297,2019-04-01 10:32:31.316577,1,286856,94.1,1,-1,T_1,2,1,,,,
298,2019-04-01 10:32:31.391615,1,286857,94.5,1,-1,T_1,2,2,,,,
299,2019-04-01 10:32:31.477232,1,286858,95.0,1,-1,T_1,2,3,,,,
300,2019-04-01 10:32:31.566602,1,286859,95.25,1,-1,T_1,2,4,,,,
301,2019-04-01 10:32:31.721081,1,286860,94.1,1,-1,T_1,2,1,,,,
302,2019-04-01 10:32:31.803739,1,286861,94.5,1,-1,T_1,2,2,,,,
303,2019-04-01 10:32:31.896241,1,286862,95.0,1,-1,T_1,2,3,,,,
304,2019-04-01 10:32:31.970362,1,286863,95.25,1,-1,T_1,2,4,,,,
305,2019-04-01 10:32:32.059950,1,286864,93.49,2,-1,T_2,2,-1,,,,
306,2019-04-01 10:32:32.114498,4,286864,93.49,1,-1,T_2,2,-1,T_2,93.49,1,2019-04-01 10:32:32
307,2019-04-01 10:32:32.114498,4,286864,93.49,1,-1,T_2,2,-1,T_2,93.49,1,2019-04-01 10:32:32
308,2019-04-01 10:32:32.114498,4,286819,93.49,1,1,T_1,2,-1,T_1,93.49,1,2019-04-01 10:32:27
309,2019-04-01 10:32:32.114498,4,286828,93.49,1,1,T_3,2,-1,T_1,93.49,1,2019-04-01 10:32:27
310,2019-04-01 10:32:32.382193,1,286865,93.49,2,-1,T_2,2,-1,,,,
311,2019-04-01 10:32:32.436946,4,286865,93.49,1,-1,T_2,2,-1,T_2,93.49,1,2019-04-01 10:32:32
312,2019-04-01 10:32:32.436946,4,286865,93.49,1,-1,T_2,2,-1,T_2,93.49,1,2019-04-01 10:32:32
313,2019-04-01 10:32:32.436946,4,286836,93.49,1,1,T_3,2,-1,T_3,93.49,1,2019-04-01 10:32:30
314,2019-04-01 10:32:32.436946,4,286840,93.49,1,1,T_3,2,-1,T_3,93.49,1,2019-04-01 10:32:30
315,2019-04-01 10:32:32.683209,1,286866,93.49,2,-1,T_2,2,-1,,,,
316,2019-04-01 10:32:32.738737,4,286866,93.49,1,-1,T_2,2,-1,T_2,93.49,1,2019-04-01 10:32:33
317,2019-04-01 10:32:32.738737,4,286866,93.49,1,-1,T_2,2,-1,T_2,93.49,1,2019-04-01 10:32:33
318,2019-04-01 10:32:32.738737,4,286848,93.49,1,1,T_1,2,-1,T_1,93.49,1,2019-04-01 10:32:31
319,2019-04-01 10:32:32.738737,4,286852,93.49,1,1,T_1,2,-1,T_1,93.49,1,2019-04-01 10:32:31
320,2019-04-01 10:32:32.991868,1,286867,92.99,4,-1,T_2,2,-1,,,,
321,2019-04-01 10:32:33.038987,4,286867,92.99,1,-1,T_2,2,-1,T_2,92.99,1,2019-04-01 10:32:33
322,2019-04-01 10:32:33.038987,4,286867,92.99,1,-1,T_2,2,-1,T_2,92.99,1,2019-04-01 10:32:33
323,2019-04-01 10:32:33.038987,4,286867,92.99,1,-1,T_2,2,-1,T_2,92.99,1,2019-04-01 10:32:33
324,2019-04-01 10:32:33.038987,4,286867,92.99,1,-1,T_2,2,-1,T_2,92.99,1,2019-04-01 10:32:33
325,2019-04-01 10:32:33.038987,4,286657,92.99,1,1,T_3,2,-1,T_3,92.99,1,2019-04-01 10:32:08
326,2019-04-01 10:32:33.038987,4,286682,92.99,1,1,T_3,2,-1,T_3,92.99,1,2019-04-01 10:32:08
327,2019-04-01 10:32:33.038987,4,286719,92.99,1,1,T_3,2,-1,T_3,92.99,1,2019-04-01 10:32:08
328,2019-04-01 10:32:33.038987,4,286731,92.99,1,1,T_3,2,-1,T_3,92.99,1,2019-04-01 10:32:08
329,2019-04-01 10:32:33.539062,1,286868,93.9,1,1,T_3,2,1,,,,
330,2019-04-01 10:32:33.622505,1,286869,93.5,1,1,T_3,2,2,,,,
331,2019-04-01 10:32:33.702525,1,286870,93.0,1,1,T_3,2,3,,,,
332,2019-04-01 10:32:33.796350,1,286871,92.75,1,1,T_3,2,4,,,,
333,2019-04-01 10:32:33.893384,1,286872,93.9,1,1,T_3,2,1,,,,
334,2019-04-01 10:32:33.967945,1,286873,93.5,1,1,T_3,2,2,,,,
335,2019-04-01 10:32:34.048847,1,286874,93.0,1,1,T_3,2,3,,,,
336,2019-04-01 10:32:34.128024,1,286875,92.75,1,1,T_3,2,4,,,,
337,2019-04-01 10:32:34.243992,1,286876,94.1,1,-1,T_3,2,1,,,,
338,2019-04-01 10:32:34.302411,1,286877,94.5,1,-1,T_3,2,2,,,,
339,2019-04-01 10:32:34.376914,1,286878,95.0,1,-1,T_3,2,3,,,,
340,2019-04-01 10:32:34.447012,1,286879,95.25,1,-1,T_3,2,4,,,,
341,2019-04-01 10:32:34.542118,1,286880,93.9,1,1,T_3,2,1,,,,
342,2019-04-01 10:32:34.612725,1,286881,93.5,1,1,T_3,2,2,,,,
343,2019-04-01 10:32:34.687313,1,286882,93.0,1,1,T_3,2,3,,,,
344,2019-04-01 10:32:34.759242,1,286883,92.75,1,1,T_3,2,4,,,,
345,2019-04-01 10:32:34.883218,1,286884,93.9,1,1,T_1,2,1,,,,
346,2019-04-01 10:32:34.952097,1,286885,93.5,1,1,T_1,2,2,,,,
347,2019-04-01 10:32:35.022072,1,286886,93.0,1,1,T_1,2,3,,,,
348,2019-04-01 10:32:35.091805,1,286887,92.75,1,1,T_1,2,4,,,,
349,2019-04-01 10:32:35.180902,1,286888,93.9,1,1,T_1,2,1,,,,
350,2019-04-01 10:32:35.247342,1,286889,93.5,1,1,T_1,2,2,,,,
351,2019-04-01 10:32:35.317365,1,286890,93.0,1,1,T_1,2,3,,,,
352,2019-04-01 10:32:35.386391,1,286891,92.75,1,1,T_1,2,4,,,,
353,2019-04-01 10:32:35.460945,1,286892,94.1,1,-1,T_1,2,1,,,,
354,2019-04-01 10:32:35.549729,1,286893,94.5,1,-1,T_1,2,2,,,,
355,2019-04-01 10:32:35.618344,1,286894,95.0,1,-1,T_1,2,3,,,,
356,2019-04-01 10:32:35.688054,1,286895,95.25,1,-1,T_1,2,4,,,,
357,2019-04-01 10:32:35.760961,1,286896,93.9,1,1,T_1,2,1,,,,
358,2019-04-01 10:32:35.822936,1,286897,93.5,1,1,T_1,2,2,,,,
359,2019-04-01 10:32:35.890076,1,286898,93.0,1,1,T_1,2,3,,,,
360,2019-04-01 10:32:35.949719,1,286899,92.75,1,1,T_1,2,4,,,,
361,2019-04-01 10:32:36.021181,1,286900,92.99,4,-1,T_2,2,-1,,,,
362,2019-04-01 10:32:36.069036,4,286900,92.99,1,-1,T_2,2,-1,T_2,92.99,1,2019-04-01 10:32:36
363,2019-04-01 10:32:36.069036,4,286900,92.99,1,-1,T_2,2,-1,T_2,92.99,1,2019-04-01 10:32:36
364,2019-04-01 10:32:36.069036,4,286900,92.99,1,-1,T_2,2,-1,T_2,92.99,1,2019-04-01 10:32:36
365,2019-04-01 10:32:36.069036,4,286900,92.99,1,-1,T_2,2,-1,T_2,92.99,1,2019-04-01 10:32:36
366,2019-04-01 10:32:36.069036,4,286735,92.99,1,1,T_3,2,-1,T_3,92.99,1,2019-04-01 10:32:16
367,2019-04-01 10:32:36.069036,4,286749,92.99,1,1,T_1,2,-1,T_3,92.99,1,2019-04-01 10:32:16
368,2019-04-01 10:32:36.069036,4,286753,92.99,1,1,T_1,2,-1,T_3,92.99,1,2019-04-01 10:32:16
369,2019-04-01 10:32:36.069036,4,286757,92.99,1,1,T_1,2,-1,T_3,92.99,1,2019-04-01 10:32:16
370,2019-04-01 10:32:36.493161,1,286901,92.99,4,-1,T_2,2,-1,,,,
371,2019-04-01 10:32:36.568721,4,286901,92.99,1,-1,T_2,2,-1,T_2,92.99,1,2019-04-01 10:32:36
372,2019-04-01 10:32:36.568721,4,286901,92.99,1,-1,T_2,2,-1,T_2,92.99,1,2019-04-01 10:32:36
373,2019-04-01 10:32:36.568721,4,286901,92.99,1,-1,T_2,2,-1,T_2,92.99,1,2019-04-01 10:32:36
374,2019-04-01 10:32:36.568721,4,286901,92.99,1,-1,T_2,2,-1,T_2,92.99,1,2019-04-01 10:32:36
375,2019-04-01 10:32:36.568721,4,286774,92.99,1,1,T_3,2,-1,T_3,92.99,1,2019-04-01 10:32:21
376,2019-04-01 10:32:36.568721,4,286782,92.99,1,1,T_3,2,-1,T_3,92.99,1,2019-04-01 10:32:21
377,2019-04-01 10:32:36.568721,4,286812,92.99,1,1,T_1,2,-1,T_3,92.99,1,2019-04-01 10:32:21
378,2019-04-01 10:32:36.568721,4,286816,92.99,1,1,T_1,2,-1,T_3,92.99,1,2019-04-01 10:32:21
379,2019-04-01 10:32:37.051787,1,286902,92.99,4,-1,T_2,2,-1,,,,
380,2019-04-01 10:32:37.111561,4,286902,92.99,1,-1,T_2,2,-1,T_2,92.99,1,2019-04-01 10:32:37
381,2019-04-01 10:32:37.111561,4,286902,92.99,1,-1,T_2,2,-1,T_2,92.99,1,2019-04-01 10:32:37
382,2019-04-01 10:32:37.111561,4,286902,92.99,1,-1,T_2,2,-1,T_2,92.99,1,2019-04-01 10:32:37
383,2019-04-01 10:32:37.111561,4,286902,92.99,1,-1,T_2,2,-1,T_2,92.99,1,2019-04-01 10:32:37
384,2019-04-01 10:32:37.111561,4,286820,92.99,1,1,T_1,2,-1,T_1,92.99,1,2019-04-01 10:32:27
385,2019-04-01 10:32:37.111561,4,286829,92.99,1,1,T_3,2,-1,T_1,92.99,1,2019-04-01 10:32:27
386,2019-04-01 10:32:37.111561,4,286837,92.99,1,1,T_3,2,-1,T_1,92.99,1,2019-04-01 10:32:27
387,2019-04-01 10:32:37.111561,4,286841,92.99,1,1,T_3,2,-1,T_1,92.99,1,2019-04-01 10:32:27
388,2019-04-01 10:32:37.545772,1,286903,92.99,3,-1,T_2,2,-1,,,,
389,2019-04-01 10:32:37.596885,4,286903,92.99,1,-1,T_2,2,-1,T_2,92.99,1,2019-04-01 10:32:38
390,2019-04-01 10:32:37.596885,4,286903,92.99,1,-1,T_2,2,-1,T_2,92.99,1,2019-04-01 10:32:38
391,2019-04-01 10:32:37.596885,4,286903,92.99,1,-1,T_2,2,-1,T_2,92.99,1,2019-04-01 10:32:38
392,2019-04-01 10:32:37.596885,4,286849,92.99,1,1,T_1,2,-1,T_1,92.99,1,2019-04-01 10:32:31
393,2019-04-01 10:32:37.596885,4,286853,92.99,1,1,T_1,2,-1,T_1,92.99,1,2019-04-01 10:32:31
394,2019-04-01 10:32:37.596885,4,286868,92.99,1,1,T_3,2,-1,T_1,92.99,1,2019-04-01 10:32:31
395,2019-04-01 10:32:37.927354,1,286904,94.1,1,-1,T_3,2,1,,,,
396,2019-04-01 10:32:37.991380,1,286905,94.5,1,-1,T_3,2,2,,,,
397,2019-04-01 10:32:38.057057,1,286906,95.0,1,-1,T_3,2,3,,,,
398,2019-04-01 10:32:38.123462,1,286907,95.25,1,-1,T_3,2,4,,,,
399,2019-04-01 10:32:38.210531,1,286908,93.9,1,1,T_3,2,1,,,,
400,2019-04-01 10:32:38.286572,1,286909,93.5,1,1,T_3,2,2,,,,
401,2019-04-01 10:32:38.363348,1,286910,93.0,1,1,T_3,2,3,,,,
402,2019-04-01 10:32:38.430531,1,286911,92.75,1,1,T_3,2,4,,,,
403,2019-04-01 10:32:38.520790,1,286912,93.9,1,1,T_3,2,1,,,,
404,2019-04-01 10:32:38.590638,1,286913,93.5,1,1,T_3,2,2,,,,
405,2019-04-01 10:32:38.661480,1,286914,93.0,1,1,T_3,2,3,,,,
406,2019-04-01 10:32:38.721859,1,286915,92.75,1,1,T_3,2,4,,,,
407,2019-04-01 10:32:38.804524,1,286916,94.1,1,-1,T_3,2,1,,,,
408,2019-04-01 10:32:38.874663,1,286917,94.5,1,-1,T_3,2,2,,,,
409,2019-04-01 10:32:38.941180,1,286918,95.0,1,-1,T_3,2,3,,,,
410,2019-04-01 10:32:39.006783,1,286919,95.25,1,-1,T_3,2,4,,,,
411,2019-04-01 10:32:39.112889,1,286920,94.1,1,-1,T_3,2,1,,,,
412,2019-04-01 10:32:39.187747,1,286921,94.5,1,-1,T_3,2,2,,,,
413,2019-04-01 10:32:39.258907,1,286922,95.0,1,-1,T_3,2,3,,,,
414,2019-04-01 10:32:39.328797,1,286923,95.25,1,-1,T_3,2,4,,,,
415,2019-04-01 10:32:39.426955,1,286924,93.99000000000001,0,-1,T_1,2,-1,,,,
416,2019-04-01 10:32:39.558708,1,286925,94.1,2,-1,T_3,2,1,,,,
417,2019-04-01 10:32:39.657564,1,286926,94.1,0,-1,T_6,2,1,,,,
418,2019-04-01 10:32:39.791627,1,286927,94.1,2,-1,T_1,2,1,,,,
419,2019-04-01 10:32:39.881435,2,286926,94.0,0,-1,T_6,2,-1,,,,
420,2019-04-01 10:32:39.941572,1,286928,94.1,0,-1,T_1,2,1,,,,
421,2019-04-01 10:32:40.053417,1,286929,94.1,2,-1,T_1,2,1,,,,
422,2019-04-01 10:32:40.148889,2,286928,94.0,0,-1,T_1,2,-1,,,,
423,2019-04-01 10:32:40.275466,2,286924,94.0,0,-1,T_1,2,-1,,,,
424,2019-04-01 10:32:40.355198,2,286926,94.0,0,-1,T_6,2,-1,,,,
425,2019-04-01 10:32:40.456057,2,286928,94.0,0,-1,T_1,2,-1,,,,
426,2019-04-01 10:32:40.493411,1,286930,94.1,2,-1,T_2,2,1,,,,
427,2019-04-01 10:32:40.558729,1,286931,94.1,2,-1,T_2,2,1,,,,
428,2019-04-01 10:32:40.629481,1,286932,94.0,2,1,T_1,2,1,,,,
429,2019-04-01 10:32:40.759146,1,286933,94.09,0,-1,T_1,2,-1,,,,
430,2019-04-01 10:32:40.884990,1,286934,94.1,2,-1,T_3,2,1,,,,
431,2019-04-01 10:32:40.981151,1,286935,94.1,0,-1,T_6,2,1,,,,
432,2019-04-01 10:32:41.121543,1,286936,94.1,2,-1,T_2,2,1,,,,
433,2019-04-01 10:32:41.209957,2,286935,94.0,0,-1,T_6,2,-1,,,,
434,2019-04-01 10:32:41.275655,1,286937,94.1,0,-1,T_6,2,1,,,,
435,2019-04-01 10:32:41.388263,1,286938,94.1,2,-1,T_1,2,1,,,,
436,2019-04-01 10:32:41.471700,2,286937,94.0,0,-1,T_6,2,-1,,,,
437,2019-04-01 10:32:41.602093,2,286933,94.0,0,-1,T_1,2,-1,,,,
438,2019-04-01 10:32:41.678125,2,286935,94.0,0,-1,T_6,2,-1,,,,
439,2019-04-01 10:32:41.761847,2,286937,94.0,0,-1,T_6,2,-1,,,,
440,2019-04-01 10:32:41.806702,1,286939,94.1,2,-1,T_1,2,1,,,,
441,2019-04-01 10:32:41.874132,1,286940,94.1,2,-1,T_2,2,1,,,,
442,2019-04-01 10:32:41.943085,1,286941,94.1,2,1,T_1,2,-1,,,,
443,2019-04-01 10:32:42.015613,4,286665,94.1,1,-1,T_1,2,1,T_1,94.1,1,2019-04-01 10:32:09
444,2019-04-01 10:32:42.015613,4,286669,94.1,1,-1,T_1,2,1,T_1,94.1,1,2019-04-01 10:32:09
445,2019-04-01 10:32:42.015613,4,286941,94.1,1,1,T_1,2,-1,T_1,94.1,1,2019-04-01 10:32:42
446,2019-04-01 10:32:42.015613,4,286941,94.1,1,1,T_1,2,-1,T_1,94.1,1,2019-04-01 10:32:42
447,2019-04-01 10:32:42.287656,1,286942,94.0,1,1,T_1,2,1,,,,
448,2019-04-01 10:32:42.366028,1,286943,93.9,1,1,T_1,2,2,,,,
449,2019-04-01 10:32:42.456794,1,286944,93.5,1,1,T_1,2,3,,,,
450,2019-04-01 10:32:42.529440,1,286945,93.0,1,1,T_1,2,4,,,,
451,2019-04-01 10:32:42.614876,1,286946,94.0,1,1,T_1,2,1,,,,
452,2019-04-01 10:32:42.687873,1,286947,93.9,1,1,T_1,2,2,,,,
453,2019-04-01 10:32:42.759227,1,286948,93.5,1,1,T_1,2,3,,,,
454,2019-04-01 10:32:42.837383,1,286949,93.0,1,1,T_1,2,4,,,,
455,2019-04-01 10:32:42.936512,1,286950,94.1,1,-1,T_1,2,1,,,,
456,2019-04-01 10:32:43.025111,1,286951,94.5,1,-1,T_1,2,2,,,,
457,2019-04-01 10:32:43.105858,1,286952,95.0,1,-1,T_1,2,3,,,,
458,2019-04-01 10:32:43.175232,1,286953,95.25,1,-1,T_1,2,4,,,,
459,2019-04-01 10:32:43.276469,1,286954,93.49,1,-1,T_2,2,-1,,,,
460,2019-04-01 10:32:43.326126,4,286954,93.49,1,-1,T_2,2,-1,T_2,93.49,1,2019-04-01 10:32:43
461,2019-04-01 10:32:43.326126,4,286932,93.49,1,1,T_1,2,-1,T_1,93.49,1,2019-04-01 10:32:41
462,2019-04-01 10:32:43.502220,1,286955,93.49,1,-1,T_2,2,-1,,,,
463,2019-04-01 10:32:43.553511,4,286955,93.49,1,-1,T_2,2,-1,T_2,93.49,1,2019-04-01 10:32:44
464,2019-04-01 10:32:43.553511,4,286932,93.49,1,1,T_1,2,-1,T_1,93.49,1,2019-04-01 10:32:41
465,2019-04-01 10:32:43.717819,1,286956,93.49,1,-1,T_2,2,-1,,,,
466,2019-04-01 10:32:43.773770,4,286956,93.49,1,-1,T_2,2,-1,T_2,93.49,1,2019-04-01 10:32:44
467,2019-04-01 10:32:43.773770,4,286942,93.49,1,1,T_1,2,-1,T_1,93.49,1,2019-04-01 10:32:42
468,2019-04-01 10:32:43.890152,1,286957,93.49,1,-1,T_2,2,-1,,,,
469,2019-04-01 10:32:43.933966,4,286957,93.49,1,-1,T_2,2,-1,T_2,93.49,1,2019-04-01 10:32:44
470,2019-04-01 10:32:43.933966,4,286946,93.49,1,1,T_1,2,-1,T_1,93.49,1,2019-04-01 10:32:43
471,2019-04-01 10:32:44.088092,1,286958,92.99,4,-1,T_2,2,-1,,,,
472,2019-04-01 10:32:44.140263,4,286958,92.99,1,-1,T_2,2,-1,T_2,92.99,1,2019-04-01 10:32:44
473,2019-04-01 10:32:44.140263,4,286958,92.99,1,-1,T_2,2,-1,T_2,92.99,1,2019-04-01 10:32:44
474,2019-04-01 10:32:44.140263,4,286958,92.99,1,-1,T_2,2,-1,T_2,92.99,1,2019-04-01 10:32:44
475,2019-04-01 10:32:44.140263,4,286958,92.99,1,-1,T_2,2,-1,T_2,92.99,1,2019-04-01 10:32:44
476,2019-04-01 10:32:44.140263,4,286872,92.99,1,1,T_3,2,-1,T_3,92.99,1,2019-04-01 10:32:34
477,2019-04-01 10:32:44.140263,4,286880,92.99,1,1,T_3,2,-1,T_3,92.99,1,2019-04-01 10:32:34
478,2019-04-01 10:32:44.140263,4,286884,92.99,1,1,T_1,2,-1,T_3,92.99,1,2019-04-01 10:32:34
479,2019-04-01 10:32:44.140263,4,286888,92.99,1,1,T_1,2,-1,T_3,92.99,1,2019-04-01 10:32:34
480,2019-04-01 10:32:44.580758,1,286959,93.9,1,1,T_3,2,1,,,,
481,2019-04-01 10:32:44.661741,1,286960,93.5,1,1,T_3,2,2,,,,
482,2019-04-01 10:32:44.727370,1,286961,93.0,1,1,T_3,2,3,,,,
483,2019-04-01 10:32:44.795858,1,286962,92.75,1,1,T_3,2,4,,,,
484,2019-04-01 10:32:44.885254,1,286963,93.9,1,1,T_3,2,1,,,,
485,2019-04-01 10:32:44.963865,1,286964,93.5,1,1,T_3,2,2,,,,
486,2019-04-01 10:32:45.030138,1,286965,93.0,1,1,T_3,2,3,,,,
487,2019-04-01 10:32:45.093832,1,286966,92.75,1,1,T_3,2,4,,,,
488,2019-04-01 10:32:45.173551,1,286967,94.1,1,-1,T_3,2,1,,,,
489,2019-04-01 10:32:45.238836,1,286968,94.5,1,-1,T_3,2,2,,,,
490,2019-04-01 10:32:45.301155,1,286969,95.0,1,-1,T_3,2,3,,,,
491,2019-04-01 10:32:45.379360,1,286970,95.25,1,-1,T_3,2,4,,,,
492,2019-04-01 10:32:45.479381,1,286971,93.9,1,1,T_3,2,1,,,,
493,2019-04-01 10:32:45.569716,1,286972,93.5,1,1,T_3,2,2,,,,
494,2019-04-01 10:32:45.645192,1,286973,93.0,1,1,T_3,2,3,,,,
495,2019-04-01 10:32:45.712803,1,286974,92.75,1,1,T_3,2,4,,,,
496,2019-04-01 10:32:45.793363,1,286975,94.1,1,-1,T_3,2,1,,,,
497,2019-04-01 10:32:45.865237,1,286976,94.5,1,-1,T_3,2,2,,,,
498,2019-04-01 10:32:45.933147,1,286977,95.0,1,-1,T_3,2,3,,,,
499,2019-04-01 10:32:46.003522,1,286978,95.25,1,-1,T_3,2,4,,,,
500,2019-04-01 10:32:46.126604,1,286979,94.1,1,-1,T_1,2,1,,,,
501,2019-04-01 10:32:46.212140,1,286980,94.5,1,-1,T_1,2,2,,,,
502,2019-04-01 10:32:46.287140,1,286981,95.0,1,-1,T_1,2,3,,,,
503,2019-04-01 10:32:46.365867,1,286982,95.25,1,-1,T_1,2,4,,,,
504,2019-04-01 10:32:46.467992,1,286983,93.9,1,1,T_1,2,1,,,,
505,2019-04-01 10:32:46.543438,1,286984,93.5,1,1,T_1,2,2,,,,
506,2019-04-01 10:32:46.622559,1,286985,93.0,1,1,T_1,2,3,,,,
507,2019-04-01 10:32:46.708041,1,286986,92.75,1,1,T_1,2,4,,,,
508,2019-04-01 10:32:46.801067,1,286987,93.9,1,1,T_1,2,1,,,,
509,2019-04-01 10:32:46.888718,1,286988,93.5,1,1,T_1,2,2,,,,
510,2019-04-01 10:32:46.961623,1,286989,93.0,1,1,T_1,2,3,,,,
511,2019-04-01 10:32:47.067219,1,286990,92.75,1,1,T_1,2,4,,,,
512,2019-04-01 10:32:47.185023,1,286991,92.99,4,-1,T_2,2,-1,,,,
513,2019-04-01 10:32:47.238133,4,286991,92.99,1,-1,T_2,2,-1,T_2,92.99,1,2019-04-01 10:32:47
514,2019-04-01 10:32:47.238133,4,286991,92.99,1,-1,T_2,2,-1,T_2,92.99,1,2019-04-01 10:32:47
515,2019-04-01 10:32:47.238133,4,286991,92.99,1,-1,T_2,2,-1,T_2,92.99,1,2019-04-01 10:32:47
516,2019-04-01 10:32:47.238133,4,286991,92.99,1,-1,T_2,2,-1,T_2,92.99,1,2019-04-01 10:32:47
517,2019-04-01 10:32:47.238133,4,286896,92.99,1,1,T_1,2,-1,T_1,92.99,1,2019-04-01 10:32:36
518,2019-04-01 10:32:47.238133,4,286908,92.99,1,1,T_3,2,-1,T_1,92.99,1,2019-04-01 10:32:36
519,2019-04-01 10:32:47.238133,4,286912,92.99,1,1,T_3,2,-1,T_1,92.99,1,2019-04-01 10:32:36
520,2019-04-01 10:32:47.238133,4,286943,92.99,1,1,T_1,2,-1,T_1,92.99,1,2019-04-01 10:32:36
521,2019-04-01 10:32:47.735587,1,286992,92.99,4,-1,T_2,2,-1,,,,
522,2019-04-01 10:32:47.787401,4,286992,92.99,1,-1,T_2,2,-1,T_2,92.99,1,2019-04-01 10:32:48
523,2019-04-01 10:32:47.787401,4,286992,92.99,1,-1,T_2,2,-1,T_2,92.99,1,2019-04-01 10:32:48
524,2019-04-01 10:32:47.787401,4,286992,92.99,1,-1,T_2,2,-1,T_2,92.99,1,2019-04-01 10:32:48
525,2019-04-01 10:32:47.787401,4,286992,92.99,1,-1,T_2,2,-1,T_2,92.99,1,2019-04-01 10:32:48
526,2019-04-01 10:32:47.787401,4,286947,92.99,1,1,T_1,2,-1,T_1,92.99,1,2019-04-01 10:32:43
527,2019-04-01 10:32:47.787401,4,286959,92.99,1,1,T_3,2,-1,T_1,92.99,1,2019-04-01 10:32:43
528,2019-04-01 10:32:47.787401,4,286963,92.99,1,1,T_3,2,-1,T_1,92.99,1,2019-04-01 10:32:43
529,2019-04-01 10:32:47.787401,4,286971,92.99,1,1,T_3,2,-1,T_1,92.99,1,2019-04-01 10:32:43
530,2019-04-01 10:32:48.313375,1,286993,92.99,4,-1,T_2,2,-1,,,,
531,2019-04-01 10:32:48.361796,4,286993,92.99,1,-1,T_2,2,-1,T_2,92.99,1,2019-04-01 10:32:48
532,2019-04-01 10:32:48.361796,4,286993,92.99,1,-1,T_2,2,-1,T_2,92.99,1,2019-04-01 10:32:48
533,2019-04-01 10:32:48.361796,4,286993,92.99,2,-1,T_2,2,-1,T_2,92.99,2,2019-04-01 10:32:48
534,2019-04-01 10:32:48.361796,4,286983,92.99,1,1,T_1,2,-1,T_1,92.99,1,2019-04-01 10:32:46
535,2019-04-01 10:32:48.361796,4,286987,92.99,1,1,T_1,2,-1,T_1,92.99,1,2019-04-01 10:32:46
536,2019-04-01 10:32:48.361796,4,286615,92.99,2,1,T_1,2,-1,T_1,92.99,1,2019-04-01 10:32:46
537,2019-04-01 10:32:48.742802,1,286994,94.1,1,-1,T_3,2,1,,,,
538,2019-04-01 10:32:48.822236,1,286995,94.5,1,-1,T_3,2,2,,,,
539,2019-04-01 10:32:48.898612,1,286996,95.0,1,-1,T_3,2,3,,,,
540,2019-04-01 10:32:48.969326,1,286997,95.25,1,-1,T_3,2,4,,,,
541,2019-04-01 10:32:49.047762,1,286998,93.5,1,1,T_3,2,1,,,,
542,2019-04-01 10:32:49.125520,1,286999,93.0,1,1,T_3,2,2,,,,
543,2019-04-01 10:32:49.221715,1,287000,92.75,1,1,T_3,2,3,,,,
544,2019-04-01 10:32:49.307650,1,287001,92.5,1,1,T_3,2,4,,,,
545,2019-04-01 10:32:49.395010,1,287002,94.1,1,-1,T_3,2,1,,,,
546,2019-04-01 10:32:49.469530,1,287003,94.5,1,-1,T_3,2,2,,,,
547,2019-04-01 10:32:49.551883,1,287004,95.0,1,-1,T_3,2,3,,,,
548,2019-04-01 10:32:49.639545,1,287005,95.25,1,-1,T_3,2,4,,,,
549,2019-04-01 10:32:49.744885,1,287006,94.1,1,-1,T_3,2,1,,,,
550,2019-04-01 10:32:49.834796,1,287007,94.5,1,-1,T_3,2,2,,,,
551,2019-04-01 10:32:49.925053,1,287008,95.0,1,-1,T_3,2,3,,,,
552,2019-04-01 10:32:50.005062,1,287009,95.25,1,-1,T_3,2,4,,,,
553,2019-04-01 10:32:50.116826,1,287010,94.1,1,-1,T_3,2,1,,,,
554,2019-04-01 10:32:50.189633,1,287011,94.5,1,-1,T_3,2,2,,,,
555,2019-04-01 10:32:50.287679,1,287012,95.0,1,-1,T_3,2,3,,,,
556,2019-04-01 10:32:50.371962,1,287013,95.25,1,-1,T_3,2,4,,,,
557,2019-04-01 10:32:50.513959,1,287014,94.1,1,-1,T_1,2,1,,,,
558,2019-04-01 10:32:50.583599,1,287015,94.5,1,-1,T_1,2,2,,,,
559,2019-04-01 10:32:50.656374,1,287016,95.0,1,-1,T_1,2,3,,,,
560,2019-04-01 10:32:50.737006,1,287017,95.25,1,-1,T_1,2,4,,,,
561,2019-04-01 10:32:50.836121,1,287018,94.1,1,-1,T_1,2,1,,,,
562,2019-04-01 10:32:50.912981,1,287019,94.5,1,-1,T_1,2,2,,,,
563,2019-04-01 10:32:50.985573,1,287020,95.0,1,-1,T_1,2,3,,,,
564,2019-04-01 10:32:51.061383,1,287021,95.25,1,-1,T_1,2,4,,,,
565,2019-04-01 10:32:51.149436,1,287022,93.5,1,1,T_1,2,1,,,,
566,2019-04-01 10:32:51.234348,1,287023,93.0,1,1,T_1,2,2,,,,
567,2019-04-01 10:32:51.300659,1,287024,92.75,1,1,T_1,2,3,,,,
568,2019-04-01 10:32:51.378829,1,287025,92.5,1,1,T_1,2,4,,,,
569,2019-04-01 10:32:51.468440,1,287026,93.5,1,1,T_1,2,1,,,,
570,2019-04-01 10:32:51.552183,1,287027,93.0,1,1,T_1,2,2,,,,
571,2019-04-01 10:32:51.643070,1,287028,92.75,1,1,T_1,2,3,,,,
572,2019-04-01 10:32:51.724070,1,287029,92.5,1,1,T_1,2,4,,,,
573,2019-04-01 10:32:51.812528,1,287030,94.1,1,-1,T_1,2,1,,,,
574,2019-04-01 10:32:51.893340,1,287031,94.5,1,-1,T_1,2,2,,,,
575,2019-04-01 10:32:51.974001,1,287032,95.0,1,-1,T_1,2,3,,,,
576,2019-04-01 10:32:52.046597,1,287033,95.25,1,-1,T_1,2,4,,,,
577,2019-04-01 10:32:52.165184,1,287034,92.99,3,-1,T_2,2,-1,,,,
578,2019-04-01 10:32:52.219155,4,287034,92.99,1,-1,T_2,2,-1,T_2,92.99,1,2019-04-01 10:32:52
579,2019-04-01 10:32:52.219155,4,287034,92.99,1,-1,T_2,2,-1,T_2,92.99,1,2019-04-01 10:32:52
580,2019-04-01 10:32:52.219155,4,287034,92.99,1,-1,T_2,2,-1,T_2,92.99,1,2019-04-01 10:32:52
581,2019-04-01 10:32:52.219155,4,286646,92.99,1,1,T_3,2,-1,T_3,92.99,1,2019-04-01 10:32:07
582,2019-04-01 10:32:52.219155,4,286650,92.99,1,1,T_3,2,-1,T_3,92.99,1,2019-04-01 10:32:07
583,2019-04-01 10:32:52.219155,4,286654,92.99,1,1,T_3,2,-1,T_3,92.99,1,2019-04-01 10:32:07
584,2019-04-01 10:32:52.596609,1,287035,92.99,3,-1,T_2,2,-1,,,,
585,2019-04-01 10:32:52.649267,4,287035,92.99,1,-1,T_2,2,-1,T_2,92.99,1,2019-04-01 10:32:53
586,2019-04-01 10:32:52.649267,4,287035,92.99,1,-1,T_2,2,-1,T_2,92.99,1,2019-04-01 10:32:53
587,2019-04-01 10:32:52.649267,4,287035,92.99,1,-1,T_2,2,-1,T_2,92.99,1,2019-04-01 10:32:53
588,2019-04-01 10:32:52.649267,4,286658,92.99,1,1,T_3,2,-1,T_3,92.99,1,2019-04-01 10:32:08
589,2019-04-01 10:32:52.649267,4,286683,92.99,1,1,T_3,2,-1,T_3,92.99,1,2019-04-01 10:32:08
590,2019-04-01 10:32:52.649267,4,286720,92.99,1,1,T_3,2,-1,T_3,92.99,1,2019-04-01 10:32:08
591,2019-04-01 10:32:52.994082,1,287036,92.99,3,-1,T_2,2,-1,,,,
592,2019-04-01 10:32:53.036205,4,287036,92.99,1,-1,T_2,2,-1,T_2,92.99,1,2019-04-01 10:32:53
593,2019-04-01 10:32:53.036205,4,287036,92.99,1,-1,T_2,2,-1,T_2,92.99,1,2019-04-01 10:32:53
594,2019-04-01 10:32:53.036205,4,287036,92.99,1,-1,T_2,2,-1,T_2,92.99,1,2019-04-01 10:32:53
595,2019-04-01 10:32:53.036205,4,286732,92.99,1,1,T_3,2,-1,T_3,92.99,1,2019-04-01 10:32:16
596,2019-04-01 10:32:53.036205,4,286736,92.99,1,1,T_3,2,-1,T_3,92.99,1,2019-04-01 10:32:16
597,2019-04-01 10:32:53.036205,4,286750,92.99,1,1,T_1,2,-1,T_3,92.99,1,2019-04-01 10:32:16
598,2019-04-01 10:32:53.373681,1,287037,92.99,3,-1,T_2,2,-1,,,,
599,2019-04-01 10:32:53.419252,4,287037,92.99,1,-1,T_2,2,-1,T_2,92.99,1,2019-04-01 10:32:53
600,2019-04-01 10:32:53.419252,4,287037,92.99,1,-1,T_2,2,-1,T_2,92.99,1,2019-04-01 10:32:53
601,2019-04-01 10:32:53.419252,4,287037,92.99,1,-1,T_2,2,-1,T_2,92.99,1,2019-04-01 10:32:53
602,2019-04-01 10:32:53.419252,4,286754,92.99,1,1,T_1,2,-1,T_1,92.99,1,2019-04-01 10:32:19
603,2019-04-01 10:32:53.419252,4,286758,92.99,1,1,T_1,2,-1,T_1,92.99,1,2019-04-01 10:32:19
604,2019-04-01 10:32:53.419252,4,286775,92.99,1,1,T_3,2,-1,T_1,92.99,1,2019-04-01 10:32:19
605,2019-04-01 10:32:53.747855,1,287038,93.5,1,1,T_3,2,1,,,,
606,2019-04-01 10:32:53.844881,1,287039,93.0,1,1,T_3,2,2,,,,
607,2019-04-01 10:32:53.918159,1,287040,92.75,1,1,T_3,2,3,,,,
608,2019-04-01 10:32:53.988497,1,287041,92.5,1,1,T_3,2,4,,,,
609,2019-04-01 10:32:54.089307,1,287042,93.5,1,1,T_3,2,1,,,,
610,2019-04-01 10:32:54.170742,1,287043,93.0,1,1,T_3,2,2,,,,
611,2019-04-01 10:32:54.251005,1,287044,92.75,1,1,T_3,2,3,,,,
612,2019-04-01 10:32:54.324502,1,287045,92.5,1,1,T_3,2,4,,,,
613,2019-04-01 10:32:54.443767,1,287046,94.1,1,-1,T_3,2,1,,,,
614,2019-04-01 10:32:54.521686,1,287047,94.5,1,-1,T_3,2,2,,,,
615,2019-04-01 10:32:54.592458,1,287048,95.0,1,-1,T_3,2,3,,,,
616,2019-04-01 10:32:54.659890,1,287049,95.25,1,-1,T_3,2,4,,,,
617,2019-04-01 10:32:54.744710,1,287050,93.5,1,1,T_3,2,1,,,,
618,2019-04-01 10:32:54.813753,1,287051,93.0,1,1,T_3,2,2,,,,
619,2019-04-01 10:32:54.901763,1,287052,92.75,1,1,T_3,2,3,,,,
620,2019-04-01 10:32:54.987715,1,287053,92.5,1,1,T_3,2,4,,,,
621,2019-04-01 10:32:55.086955,1,287054,93.5,1,1,T_3,2,1,,,,
622,2019-04-01 10:32:55.172288,1,287055,93.0,1,1,T_3,2,2,,,,
623,2019-04-01 10:32:55.246286,1,287056,92.75,1,1,T_3,2,3,,,,
624,2019-04-01 10:32:55.316017,1,287057,92.5,1,1,T_3,2,4,,,,
625,2019-04-01 10:32:55.428624,1,287058,93.59,0,-1,T_1,2,-1,,,,
626,2019-04-01 10:32:55.592400,1,287059,94.1,2,-1,T_2,2,1,,,,
627,2019-04-01 10:32:55.707807,1,287060,94.1,0,-1,T_9,2,1,,,,
628,2019-04-01 10:32:55.871237,1,287061,94.1,2,-1,T_2,2,1,,,,
629,2019-04-01 10:32:55.965228,2,287060,94.0,0,-1,T_9,2,-1,,,,
630,2019-04-01 10:32:56.036698,1,287062,94.1,0,-1,T_9,2,1,,,,
631,2019-04-01 10:32:56.186135,1,287063,94.1,2,-1,T_1,2,1,,,,
632,2019-04-01 10:32:56.279395,2,287062,94.0,0,-1,T_9,2,-1,,,,
633,2019-04-01 10:32:56.419501,2,287058,94.0,0,-1,T_1,2,-1,,,,
634,2019-04-01 10:32:56.525976,2,287060,94.0,0,-1,T_9,2,-1,,,,
635,2019-04-01 10:32:56.631486,2,287062,94.0,0,-1,T_9,2,-1,,,,
636,2019-04-01 10:32:56.688402,1,287064,94.1,2,-1,T_2,2,1,,,,
637,2019-04-01 10:32:56.774288,1,287065,94.1,2,-1,T_2,2,1,,,,
638,2019-04-01 10:32:56.849908,1,287066,93.6,2,1,T_1,2,1,,,,
639,2019-04-01 10:32:57.050252,1,287067,93.6,1,1,T_1,2,1,,,,
640,2019-04-01 10:32:57.139521,1,287068,93.5,1,1,T_1,2,2,,,,
641,2019-04-01 10:32:57.231212,1,287069,93.0,1,1,T_1,2,3,,,,
642,2019-04-01 10:32:57.314217,1,287070,92.75,1,1,T_1,2,4,,,,
643,2019-04-01 10:32:57.510018,1,287071,94.1,1,-1,T_1,2,1,,,,
644,2019-04-01 10:32:57.591127,1,287072,94.5,1,-1,T_1,2,2,,,,
645,2019-04-01 10:32:57.666329,1,287073,95.0,1,-1,T_1,2,3,,,,
646,2019-04-01 10:32:57.735971,1,287074,95.25,1,-1,T_1,2,4,,,,
647,2019-04-01 10:32:57.829559,1,287075,92.99,3,-1,T_2,2,-1,,,,
648,2019-04-01 10:32:57.874426,4,287075,92.99,2,-1,T_2,2,-1,T_2,92.99,2,2019-04-01 10:32:58
649,2019-04-01 10:32:57.874426,4,287075,92.99,1,-1,T_2,2,-1,T_2,92.99,1,2019-04-01 10:32:58
650,2019-04-01 10:32:57.874426,4,287066,92.99,2,1,T_1,2,-1,T_1,92.99,2,2019-04-01 10:32:57
651,2019-04-01 10:32:57.874426,4,287067,92.99,1,1,T_1,2,-1,T_1,92.99,2,2019-04-01 10:32:57
652,2019-04-01 10:32:58.124802,1,287076,92.99,3,-1,T_2,2,-1,,,,
653,2019-04-01 10:32:58.175949,4,287076,92.99,1,-1,T_2,2,-1,T_2,92.99,1,2019-04-01 10:32:58
654,2019-04-01 10:32:58.175949,4,287076,92.99,1,-1,T_2,2,-1,T_2,92.99,1,2019-04-01 10:32:58
655,2019-04-01 10:32:58.175949,4,287076,92.99,1,-1,T_2,2,-1,T_2,92.99,1,2019-04-01 10:32:58
656,2019-04-01 10:32:58.175949,4,286783,92.99,1,1,T_3,2,-1,T_3,92.99,1,2019-04-01 10:32:22
657,2019-04-01 10:32:58.175949,4,286813,92.99,1,1,T_1,2,-1,T_3,92.99,1,2019-04-01 10:32:22
658,2019-04-01 10:32:58.175949,4,286817,92.99,1,1,T_1,2,-1,T_3,92.99,1,2019-04-01 10:32:22
659,2019-04-01 10:32:58.514981,1,287077,92.99,2,-1,T_2,2,-1,,,,
660,2019-04-01 10:32:58.565668,4,287077,92.99,1,-1,T_2,2,-1,T_2,92.99,1,2019-04-01 10:32:59
661,2019-04-01 10:32:58.565668,4,287077,92.99,1,-1,T_2,2,-1,T_2,92.99,1,2019-04-01 10:32:59
662,2019-04-01 10:32:58.565668,4,286821,92.99,1,1,T_1,2,-1,T_1,92.99,1,2019-04-01 10:32:28
663,2019-04-01 10:32:58.565668,4,286830,92.99,1,1,T_3,2,-1,T_1,92.99,1,2019-04-01 10:32:28
664,2019-04-01 10:32:58.867098,1,287078,92.99,2,-1,T_2,2,-1,,,,
665,2019-04-01 10:32:58.926416,4,287078,92.99,1,-1,T_2,2,-1,T_2,92.99,1,2019-04-01 10:32:59
666,2019-04-01 10:32:58.926416,4,287078,92.99,1,-1,T_2,2,-1,T_2,92.99,1,2019-04-01 10:32:59
667,2019-04-01 10:32:58.926416,4,286838,92.99,1,1,T_3,2,-1,T_3,92.99,1,2019-04-01 10:32:30
668,2019-04-01 10:32:58.926416,4,286842,92.99,1,1,T_3,2,-1,T_3,92.99,1,2019-04-01 10:32:30
669,2019-04-01 10:32:59.151251,1,287079,92.99,2,-1,T_2,2,-1,,,,
670,2019-04-01 10:32:59.205743,4,287079,92.99,1,-1,T_2,2,-1,T_2,92.99,1,2019-04-01 10:32:59
671,2019-04-01 10:32:59.205743,4,287079,92.99,1,-1,T_2,2,-1,T_2,92.99,1,2019-04-01 10:32:59
672,2019-04-01 10:32:59.205743,4,286850,92.99,1,1,T_1,2,-1,T_1,92.99,1,2019-04-01 10:32:31
673,2019-04-01 10:32:59.205743,4,286854,92.99,1,1,T_1,2,-1,T_1,92.99,1,2019-04-01 10:32:31
674,2019-04-01 10:32:59.434971,1,287080,94.1,1,-1,T_3,2,1,,,,
675,2019-04-01 10:32:59.502762,1,287081,94.5,1,-1,T_3,2,2,,,,
676,2019-04-01 10:32:59.569353,1,287082,95.0,1,-1,T_3,2,3,,,,
677,2019-04-01 10:32:59.638531,1,287083,95.25,1,-1,T_3,2,4,,,,
678,2019-04-01 10:32:59.738068,1,287084,93.5,1,1,T_3,2,1,,,,
679,2019-04-01 10:32:59.822581,1,287085,93.0,1,1,T_3,2,2,,,,
680,2019-04-01 10:32:59.898876,1,287086,92.75,1,1,T_3,2,3,,,,
681,2019-04-01 10:32:59.983892,1,287087,92.5,1,1,T_3,2,4,,,,
682,2019-04-01 10:33:00.087753,1,287088,93.5,1,1,T_3,2,1,,,,
683,2019-04-01 10:33:00.166198,1,287089,93.0,1,1,T_3,2,2,,,,
684,2019-04-01 10:33:00.245694,1,287090,92.75,1,1,T_3,2,3,,,,
685,2019-04-01 10:33:00.314643,1,287091,92.5,1,1,T_3,2,4,,,,
686,2019-04-01 10:33:00.408629,1,287092,93.5,1,1,T_3,2,1,,,,
687,2019-04-01 10:33:00.486962,1,287093,93.0,1,1,T_3,2,2,,,,
688,2019-04-01 10:33:00.556477,1,287094,92.75,1,1,T_3,2,3,,,,
689,2019-04-01 10:33:00.640115,1,287095,92.5,1,1,T_3,2,4,,,,
690,2019-04-01 10:33:00.796542,1,287096,93.59,0,-1,T_1,2,-1,,,,
691,2019-04-01 10:33:00.933991,1,287097,94.1,2,-1,T_2,2,1,,,,
692,2019-04-01 10:33:01.045952,1,287098,94.1,0,-1,T_9,2,1,,,,
693,2019-04-01 10:33:01.201782,1,287099,94.1,2,-1,T_3,2,1,,,,
694,2019-04-01 10:33:01.291527,2,287098,94.0,0,-1,T_9,2,-1,,,,
695,2019-04-01 10:33:01.385075,1,287100,94.1,0,-1,T_9,2,1,,,,
696,2019-04-01 10:33:01.531163,1,287101,94.1,2,-1,T_3,2,1,,,,
697,2019-04-01 10:33:01.610351,2,287100,94.0,0,-1,T_9,2,-1,,,,
698,2019-04-01 10:33:01.732546,2,287096,94.0,0,-1,T_1,2,-1,,,,
699,2019-04-01 10:33:01.815808,2,287098,94.0,0,-1,T_9,2,-1,,,,
700,2019-04-01 10:33:01.901067,2,287100,94.0,0,-1,T_9,2,-1,,,,
701,2019-04-01 10:33:01.945579,1,287102,94.1,2,-1,T_1,2,1,,,,
702,2019-04-01 10:33:02.022551,1,287103,94.1,2,-1,T_3,2,1,,,,
703,2019-04-01 10:33:02.106088,1,287104,93.6,2,1,T_1,2,1,,,,
704,2019-04-01 10:33:02.269858,1,287105,93.6,1,1,T_1,2,1,,,,
705,2019-04-01 10:33:02.339585,1,287106,93.5,1,1,T_1,2,2,,,,
706,2019-04-01 10:33:02.423239,1,287107,93.0,1,1,T_1,2,3,,,,
707,2019-04-01 10:33:02.519645,1,287108,92.75,1,1,T_1,2,4,,,,
708,2019-04-01 10:33:02.622673,1,287109,94.1,1,-1,T_1,2,1,,,,
709,2019-04-01 10:33:02.695643,1,287110,94.5,1,-1,T_1,2,2,,,,
710,2019-04-01 10:33:02.783824,1,287111,95.0,1,-1,T_1,2,3,,,,
711,2019-04-01 10:33:02.859563,1,287112,95.25,1,-1,T_1,2,4,,,,
712,2019-04-01 10:33:02.949627,1,287113,93.6,1,1,T_1,2,1,,,,
713,2019-04-01 10:33:03.018533,1,287114,93.5,1,1,T_1,2,2,,,,
714,2019-04-01 10:33:03.099569,1,287115,93.0,1,1,T_1,2,3,,,,
715,2019-04-01 10:33:03.176552,1,287116,92.75,1,1,T_1,2,4,,,,
716,2019-04-01 10:33:03.278933,1,287117,94.1,1,-1,T_1,2,1,,,,
717,2019-04-01 10:33:03.362868,1,287118,94.5,1,-1,T_1,2,2,,,,
718,2019-04-01 10:33:03.453942,1,287119,95.0,1,-1,T_1,2,3,,,,
719,2019-04-01 10:33:03.536213,1,287120,95.25,1,-1,T_1,2,4,,,,
720,2019-04-01 10:33:03.640169,1,287121,94.1,1,-1,T_1,2,1,,,,
721,2019-04-01 10:33:03.732174,1,287122,94.5,1,-1,T_1,2,2,,,,
722,2019-04-01 10:33:03.817881,1,287123,95.0,1,-1,T_1,2,3,,,,
723,2019-04-01 10:33:03.904667,1,287124,95.25,1,-1,T_1,2,4,,,,
724,2019-04-01 10:33:04.117263,1,287125,92.99,3,-1,T_2,2,-1,,,,
725,2019-04-01 10:33:04.170804,4,287125,92.99,2,-1,T_2,2,-1,T_2,92.99,2,2019-04-01 10:33:04
726,2019-04-01 10:33:04.170804,4,287125,92.99,1,-1,T_2,2,-1,T_2,92.99,1,2019-04-01 10:33:04
727,2019-04-01 10:33:04.170804,4,287104,92.99,2,1,T_1,2,-1,T_1,92.99,2,2019-04-01 10:33:02
728,2019-04-01 10:33:04.170804,4,287105,92.99,1,1,T_1,2,-1,T_1,92.99,2,2019-04-01 10:33:02
729,2019-04-01 10:33:04.485098,1,287126,92.99,2,-1,T_2,2,-1,,,,
730,2019-04-01 10:33:04.531939,4,287126,92.99,1,-1,T_2,2,-1,T_2,92.99,1,2019-04-01 10:33:04
731,2019-04-01 10:33:04.531939,4,287126,92.99,1,-1,T_2,2,-1,T_2,92.99,1,2019-04-01 10:33:04
732,2019-04-01 10:33:04.531939,4,287113,92.99,1,1,T_1,2,-1,T_1,92.99,1,2019-04-01 10:33:03
733,2019-04-01 10:33:04.531939,4,286869,92.99,1,1,T_3,2,-1,T_1,92.99,1,2019-04-01 10:33:03
734,2019-04-01 10:33:04.781443,1,287127,92.99,2,-1,T_2,2,-1,,,,
735,2019-04-01 10:33:04.839182,4,287127,92.99,1,-1,T_2,2,-1,T_2,92.99,1,2019-04-01 10:33:05
736,2019-04-01 10:33:04.839182,4,287127,92.99,1,-1,T_2,2,-1,T_2,92.99,1,2019-04-01 10:33:05
737,2019-04-01 10:33:04.839182,4,286873,92.99,1,1,T_3,2,-1,T_3,92.99,1,2019-04-01 10:32:34
738,2019-04-01 10:33:04.839182,4,286881,92.99,1,1,T_3,2,-1,T_3,92.99,1,2019-04-01 10:32:34
739,2019-04-01 10:33:05.104257,1,287128,93.5,1,1,T_3,2,1,,,,
740,2019-04-01 10:33:05.176437,1,287129,93.0,1,1,T_3,2,2,,,,
741,2019-04-01 10:33:05.248936,1,287130,92.75,1,1,T_3,2,3,,,,
742,2019-04-01 10:33:05.324935,1,287131,92.5,1,1,T_3,2,4,,,,
743,2019-04-01 10:33:05.459563,1,287132,93.5,1,1,T_3,2,1,,,,
744,2019-04-01 10:33:05.565693,1,287133,93.0,1,1,T_3,2,2,,,,
745,2019-04-01 10:33:05.647287,1,287134,92.75,1,1,T_3,2,3,,,,
746,2019-04-01 10:33:05.726714,1,287135,92.5,1,1,T_3,2,4,,,,
747,2019-04-01 10:33:05.841837,1,287136,94.1,1,-1,T_3,2,1,,,,
748,2019-04-01 10:33:05.919746,1,287137,94.5,1,-1,T_3,2,2,,,,
749,2019-04-01 10:33:05.997858,1,287138,95.0,1,-1,T_3,2,3,,,,
750,2019-04-01 10:33:06.069324,1,287139,95.25,1,-1,T_3,2,4,,,,
751,2019-04-01 10:33:06.162540,1,287140,93.5,1,1,T_3,2,1,,,,
752,2019-04-01 10:33:06.252534,1,287141,93.0,1,1,T_3,2,2,,,,
753,2019-04-01 10:33:06.335540,1,287142,92.75,1,1,T_3,2,3,,,,
754,2019-04-01 10:33:06.411017,1,287143,92.5,1,1,T_3,2,4,,,,
